1904 3184
312 604 465 668 Όψιν
504 598 647 656 εἶναι
686 601 932 670 εὐθεῖαν,
971 597 1035 669 ἧς
1073 601 1139 653 τὰ
1170 599 1306 670 μέσα
1336 600 1515 654 πάντα
1551 610 1666 665 τοῖς
1696 602 1904 672 ἄκροιςΙ

203 693 543 763 ἐπιπροσθεῖ.

322 783 399 835 Τὰ
438 781 689 851 ὁρώμενα
728 781 941 833 ἅπαντα
979 777 1110 832 καθ’
1147 779 1369 842 εὐθείας
1407 779 1662 850 ὁρᾶσθαι.

308 869 609 941 Ἐνόπτρου
656 867 914 931 τεθέντος
960 868 1020 922 ἐν
1066 866 1302 941 ἐπιπέδῳ
1349 867 1442 922 καὶ
1490 866 1904 939 θεωρουμένου

143 971 169 1010 5
201 962 353 1024 τινὸς
381 960 579 1029 ὕψους,
618 958 648 1012 ὃ
679 959 818 1029 πρὸς
847 957 1025 1028 ὀρθάς
1056 956 1170 1011 ἐστι
1201 965 1277 1030 τῷ
1310 955 1564 1030 ἐπιπέδῳ,
1599 943 1904 1026 γίγνονται,ἑ

114 1417 168 1457 10

112 1862 167 1901 15

111 2396 167 2436 20

200 1050 500 1118 ἀνάλογον,
555 1049 629 1111 ὡς
673 1046 708 1115 ἡ
754 1046 954 1117 μεταξὺ
1001 1054 1100 1100 τοῦ
1141 1045 1411 1117 ἐνόπτρου
1466 1045 1556 1099 καὶ
1603 1054 1702 1100 τοῦ
1740 1051 1899 1100 θεω-

201 1146 434 1209 ροῦντος
464 1138 658 1191 εὐθεῖα
694 1137 834 1207 πρὸς
861 1138 963 1205 τὴν
993 1134 1192 1205 μεταξὺ
1224 1143 1324 1189 τοῦ
1357 1134 1626 1206 ἐνόπτρου
1663 1134 1755 1189 καὶ
1786 1141 1904 1247 roffi

197 1229 337 1298 πρὸς
389 1227 567 1299 ὀρθὰς
612 1226 816 1294 ὕψους,
873 1224 1017 1278 οὕτω
1072 1226 1134 1277 τὸ
1190 1231 1289 1277 τοῦ
1335 1229 1688 1295 θεωροῦντος
1742 1225 1888 1290 ὕψος

198 1318 337 1388 πρὸς
374 1317 436 1370 τὸ
475 1316 614 1387 πρὸς
652 1315 831 1385 ὀρθὰς
868 1322 944 1386 τῷ
985 1312 1221 1386 ἐπιπέδῳ
1260 1313 1417 1378 ὕψος.

308 1403 400 1459 Ἐν
445 1415 561 1467 τοῖς
607 1402 884 1467 ἐπιπέδοις
928 1403 1215 1474 ἐνόπτροις
1253 1410 1352 1456 τοῦ
1390 1404 1563 1456 τόπου
1608 1406 1887 1473 καταληφ-

199 1493 423 1563 θέντος,
478 1491 566 1564 ἐφ’
609 1492 675 1546 ὃν
721 1492 755 1562 ἡ
801 1493 1036 1555 κάθετος
1072 1494 1256 1545 πίπτει
1295 1490 1402 1545 ἀπὸ
1440 1498 1540 1544 τοῦ
1579 1490 1894 1562 ὁρωμένου,

201 1582 382 1637 οὐκέτι
421 1583 614 1654 ὁρᾶται
653 1583 714 1636 τὸ
754 1581 1051 1653 ὁρώμενον.
1888 1507 1904 1635 i

311 1671 422 1725 Καὶ
463 1671 523 1725 ἐν
561 1681 677 1735 τοῖς
711 1681 934 1742 κυρτοῖς
973 1670 1260 1741 ἐνόπτροις
1296 1667 1749 1740 καταληφθέντος
1784 1675 1887 1723 τοῦ

199 1764 390 1830 τόπου,
430 1759 504 1814 δι’
534 1757 601 1815 οὗ
632 1760 739 1814 ἀπὸ
770 1767 871 1813 τοῦ
903 1757 1188 1830 ὁρωμένου
1226 1761 1306 1822 εἰς
1341 1759 1403 1812 τὸ
1434 1758 1667 1831 κέντρον
1698 1760 1862 1827 ἅγετα

199 1858 294 1920 τῆς
332 1853 588 1921 σφαίρας,
628 1848 810 1903 οὐκέτι
848 1848 1042 1919 ὁρᾶται
1080 1849 1141 1901 τὸ
1181 1847 1480 1919 ὁρώμενον.
1555 1849 1617 1902 τὸ
1658 1846 1710 1901 δ’
1746 1847 1849 1902 αὐτ
1886 1835 1888 1838 ,

198 1938 291 1993 καὶ
330 1939 391 1994 ἐν
429 1949 545 2002 τοῖς
582 1941 790 2001 κοίλοις
828 1940 1133 2007 συμβαίνει.

306 2027 433 2082 Ἐὰν
465 2029 543 2091 εἰς
573 2027 796 2096 ἀγγεῖον
827 2026 1077 2096 ἐμβληθῇ
1108 2046 1161 2079 τι
1191 2023 1283 2079 καὶ
1315 2026 1455 2097 λάβῃ
1487 2025 1774 2096 ἀπόστημα
1804 2026 1887 2089 ὡς·

200 2116 389 2188 μηκέτι
442 2117 703 2189 ὁρᾶσθαι,
757 2124 856 2169 τοῦ
910 2116 1083 2169 αὐτοῦ
1137 2115 1516 2185 ἀποστήματος
1569 2117 1730 2179 ὄντος
1783 2114 1845 2168 ἐά
1878 2115 1901 2153 J

199 2208 352 2280 ὕδωρ
393 2206 628 2278 ἐγχυθῇ,
667 2205 978 2276 ὀφθήσεται
1016 2206 1078 2258 τὸ
1119 2203 1411 2274 ἐμβληθέν.
1880 2191 1899 2213 ”

1005 2380 1079 2437 α’.

306 2487 435 2542 Ἀπὸ
475 2497 587 2542 τῶν
626 2486 900 2541 ἐπιπέδων
939 2486 1221 2558 ἐνόπτρων
1258 2484 1350 2539 καὶ
1386 2494 1606 2556 κυρτῶν
1642 2484 1735 2539 καὶ
1768 2485 1861 2538 κοί
1868 2528 1870 2530 v

199 2582 314 2631 λων
352 2579 414 2631 αἱ
447 2579 601 2642 ὄψεις
640 2577 702 2630 ἐν
741 2582 885 2639 ἴσαις
923 2579 1152 2644 γωνίαις
1189 2574 1549 2629 ἀνακλῶνται.
1902 2570 1904 2586 ⁴

306 2750 437 2810 Ὀροι
467 2769 536 2810 m,
570 2769 670 2827 οροι
701 2760 1020 2807 κατοπτρικῶν
1051 2767 1110 2797 m
1143 2765 1232 2795 rec.
1265 2765 1307 2796 v.
1431 2755 1469 2795 1.
1504 2749 1652 2807 Supra
1684 2751 1848 2794 εὐθεῖα

199 2809 254 2867 ἧς
293 2827 377 2857 scr.
416 2790 686 2857 ὑποκείσθω
724 2827 784 2856 m.
818 2817 843 2856 2
883 2812 946 2868 V,
992 2826 1083 2868 mg.
1124 2826 1183 2855 m.
1220 2815 1267 2856 1:
1313 2808 1436 2854 κατὰ
1473 2816 1636 2855 κοινοῦ
1672 2809 1724 2854 τὸ
1763 2809 1828 2854 ὑπ
1860 2852 1862 2857 ,

199 2870 386 2917 κείσθω.
509 2868 582 2931 ἧς]
616 2886 728 2916 corr.
763 2885 819 2915 ex
851 2848 978 2922 εἳςν
1131 2874 1170 2915 5.
1206 2869 1327 2915 ἐστιν
1357 2869 1450 2914 Vv.
1574 2867 1783 2926 γίνονται
1856 2928 1858 2930 V
