1904 3184
83 1061 141 1100 10

80 2025 140 2066 20

78 2471 137 2511 25

174 130 250 182 34
749 133 1034 176 EUGLIDIS
1066 135 1298 178 OPTICA.

176 250 392 314 ἀκτῖνες
431 253 492 305 αἱ
525 256 653 320 ΑΒ,
693 257 817 320 ΑΔ,
856 256 984 320 ΑΕ,
1023 257 1078 305 A
1089 257 1150 322 Z,
1182 257 1319 322 ΑΗ,
1351 259 1405 306 A
1417 258 1480 322 Θ,
1512 258 1635 308 ΑΓ.
1712 254 1873 325 λέγω,

176 341 262 394 ὅτι
313 340 346 408 ἡ
387 343 501 394 ΒΓ
545 341 867 412 περιφέρεια
917 341 1111 395 εὐθεῖα
1161 346 1433 412 φαίνεται.
1517 347 1723 397 κείσθω
1774 352 1873 413 τῆς

173 433 527 501 περιφερείας
565 431 626 483 τὸ
658 430 890 501 κέντρον
921 429 1012 484 καὶ
1044 434 1179 484 ἔστω
1212 433 1273 485 τὸ
1306 435 1375 501 Κ,
1414 431 1506 485 καὶ
1538 433 1870 502 ἐπεζεύχθω-

175 533 282 572 σαν
325 519 542 572 εὐθεῖαι
581 521 643 572 αἱ

175 610 308 677 ΚΒ,
341 611 474 676 ΚΔ,
506 611 639 679 ΚΕ,

175 700 302 765 ΚΖ,
342 700 477 766 ΚΗ,
510 700 639 765 ΚΘ,

174 788 297 838 ΚΓ.
376 784 489 838 ἐπεὶ
535 783 638 840 οὖν

172 874 206 942 ἡ
247 878 355 927 ΚΒ
394 874 502 927 ὑπὸ
542 882 639 943 τῆς

172 963 281 1016 ὑπὸ
322 966 488 1016 ΚΑΒ
531 983 637 1031 γω-

172 1055 297 1116 νίας
363 1051 638 1122 βλέπεται,

172 1141 206 1209 ἡ
255 1139 316 1194 δὲ
362 1145 478 1194 ΚΔ
527 1142 637 1195 ὑπὸ

172 1238 269 1300 τῆς
305 1231 415 1285 ὑπὸ
455 1234 637 1300 ΚΑΛ,

171 1323 371 1389 μείζων
411 1321 518 1390 ἄρα
557 1322 863 1389 φανήσεται
902 1319 935 1388 ἡ
975 1318 1076 1389 μὲν
1119 1324 1226 1373 ΚΒ
1267 1329 1362 1390 τῆς
1402 1324 1540 1389 ΚΛ,
1580 1319 1612 1388 ἡ
1653 1318 1713 1373 δὲ
1751 1323 1871 1374 ΚΔ

172 1417 268 1478 τῆς
299 1412 426 1478 ΚΕ,
465 1409 499 1478 ἡ
540 1407 601 1462 δὲ
632 1413 746 1462 ΚΕ
781 1417 877 1478 τῆς
908 1412 1035 1478 ΚΖ,
1074 1408 1166 1463 καὶ
1205 1409 1264 1463 ἐκ
1302 1417 1402 1463 τοῦ
1442 1408 1631 1478 ἑτέρου
1666 1409 1870 1479 μέρους

113 1499 205 1568 εὴ
252 1496 353 1569 μὲν
399 1502 517 1552 ΚΓ
553 1507 649 1568 τῆς
694 1502 830 1567 ΚΘ,
884 1498 917 1567 ἡ
965 1495 1026 1552 δὲ
1072 1502 1185 1552 ΚΘ
1229 1506 1326 1568 τῆς
1370 1502 1513 1568 ΚΗ,
1559 1499 1592 1568 ἡ
1641 1496 1701 1552 δὲ
1747 1501 1874 1551 ΚΗ

171 1596 267 1658 τῆς
298 1591 407 1641 ΚΖ
439 1590 637 1658 μείζων
668 1590 987 1659 φανήσεται.
1047 1589 1140 1641 διὰ
1171 1595 1334 1641 τοῦτο
1368 1590 1436 1658 δὴ
1468 1597 1564 1658 τῆς
1595 1589 1867 1658 μενούσης
1902 1642 1904 1653 ‚

171 1678 396 1741 εὐθείας
427 1686 523 1747 τῆς
554 1678 708 1747 KA†
738 1678 972 1740 κάθετος
1003 1676 1035 1745 ἡ
1068 1679 1182 1730 ΒΓ
1211 1676 1300 1730 ἀεί
1327 1676 1491 1730 ἐστιν.
1545 1678 1612 1730 τὰ
1643 1675 1695 1730 δ’
1727 1677 1867 1730 αὐτὰ
1899 1678 1901 1682 ”

171 1769 508 1836 συμβήσεται
546 1765 638 1819 καὶ
678 1765 765 1819 ἐπὶ
804 1774 901 1835 τῆς
937 1769 1125 1834 κοίλης
1163 1768 1526 1836 περιφερείας.
1903 1762 1904 1767 ’

880 1913 1139 1977 ’Ἁλλωςκ

282 2019 546 2072 Δυνατὸν
579 2016 639 2071 δὲ
670 2017 761 2071 καὶ
794 2016 877 2071 ἐπ’
905 2018 1091 2071 αὐτῶν
1122 2026 1234 2071 τῶν
1258 2019 1440 2082 ὄψεων
1471 2025 1642 2071 ταῦτα
1666 2016 1864 2086 λέγειν,

172 2107 257 2160 ὅτι
304 2106 556 2177 ἐλαχίστη
603 2105 704 2176 μὲν
750 2107 784 2175 ἡ
830 2105 1029 2176 μεταξὺ
1077 2114 1177 2159 τοῦ
1226 2112 1280 2160 Α
1334 2108 1574 2176 ὄμματος
1626 2105 1718 2159 καὶ
1767 2114 1864 2175 τῆς

172 2195 493 2267 διαμέτρου,
541 2194 625 2249 ἀεὶ
671 2193 731 2248 δὲ
777 2194 810 2263 ἡ
851 2197 1039 2263 ἔγγιον
1085 2195 1254 2264 αὐτῆς
1294 2195 1535 2249 ἐλάττων
1581 2203 1677 2264 τῆς
1716 2195 1861 2248 ἀπώ-

168 2306 345 2357 τερον.
446 2285 618 2339 ταύτὰ
671 2283 732 2338 δὲ
787 2287 1078 2354 συμβαίνει
1131 2283 1223 2337 καὶ
1280 2284 1423 2355 [ἐὰν]
1479 2284 1720 2338 καθέτου
1775 2282 1857 2338 ἐπ’

170 2374 346 2443 αὐτὴν
393 2375 562 2442 οὔσης
606 2381 703 2442 τῆς
741 2377 867 2425 AZ.
946 2374 1039 2426 διὰ
1085 2381 1248 2426 τοῦτο
1289 2376 1601 2443 φαντασίαν
1639 2374 1863 2436 εὐθείας

170 2461 491 2516 ἀποστέλλει
529 2462 562 2531 ἡ
601 2461 938 2533 περιφέρεια,
978 2461 1070 2515 καὶ
1107 2463 1342 2532 μάλιστα
1379 2465 1432 2515 εἰ
1467 2461 1572 2516 ἀπὸ
1607 2466 1862 2525 πλείονος

170 2554 428 2620 φαίνοιτο
477 2553 843 2620 διαστήματος
889 2553 1028 2605 ὥστε
1073 2553 1146 2621 μὴ
1194 2551 1677 2605 συναισθάνεσθαι
1722 2551 1863 2621 ἡμᾶς

170 2648 266 2709 τῆς
303 2643 650 2711 κυρτότητος,
728 2641 821 2692 διὰ
859 2648 1023 2693 τοῦτο
1070 2639 1162 2693 καὶ
1208 2641 1267 2693 οἰ
1300 2641 1373 2709 μὴ
1412 2639 1561 2693 πάνυ
1601 2639 1860 2693 ἀποτετα-

169 2728 326 2798 μένοι
365 2729 523 2782 κάλοι
563 2729 621 2782 ἐκ
658 2731 896 2797 πλαγίου
936 2726 1037 2798 μὲν
1068 2729 1338 2799 ὁρώμενοι
1374 2727 1686 2798 ἐγχάλασμα
1717 2732 1862 2798 ἔχειν

290 2880 330 2919 2.
366 2876 481 2933 ΒΓ]
518 2879 600 2919 ΓΒ
632 2875 740 2919 Vah.
879 2879 918 2920 5.
953 2875 1062 2934 ΚΒ]
1097 2879 1188 2919 ΒΚ
1214 2889 1273 2918 m.
1421 2879 1460 2918 6.
1501 2875 1611 2932 ΚΖ]
1644 2878 1742 2918 ΚΓ
1767 2874 1855 2918 BV.
1903 2913 1904 2917 ,

230 2939 269 2978 8.
304 2935 412 2993 ΚΒ]
446 2939 539 2978 ΒΚ
566 2950 608 2978 v.
740 2939 778 2978 9.
812 2933 923 2993 ὑπό]
958 2949 1097 2991 supra
1131 2948 1213 2978 scr.
1246 2949 1306 2977 m.
1340 2938 1364 2976 2
1398 2933 1452 2977 V.
1583 2935 1736 2992 KAB]
1769 2935 1860 2978 ΚΒ
1901 2929 1904 2978 ἰ

1897 3032 1904 3114 ἢ

1895 3116 1904 3184 ff
