1904 3184
642 117 929 161 EUCLIDIS
962 116 1194 160 OPTICA.
1694 111 1764 166 89

74 246 132 296 et
176 240 465 311 parallelos
511 242 607 292 est.
684 237 1257 308 parallelogrammum
1303 239 1387 288 est
1434 252 1563 306 ergo
1607 235 1766 303 aeqb.
1823 253 1827 259 ·

73 334 297 403 propter
323 329 512 382 eadem
541 345 673 380 uero
706 330 761 380 et
790 326 1363 397 parallelogrammum
1395 323 1581 380 existit
1612 326 1767 392 edzy.

74 424 245 474 restat
270 423 451 472 autem
474 418 861 486 demonstrare,
893 415 1149 484 quoniam
1173 414 1352 467 minus
1378 416 1603 483 apparet
1625 413 1769 466 idem

77 513 132 563 et
177 508 366 562 maius.
458 505 809 560 manifestum
863 508 947 557 est
999 507 1205 574 autem,
1259 503 1403 573 quod
1455 502 1633 555 minor
1687 506 1770 555 est

76 597 307 668 angulus
341 614 458 666 ,qea
496 614 660 666 quam
693 595 818 663 yed.
882 593 1138 662 quoniam
1177 610 1306 663 ergo
1340 593 1769 645 demonstratum
1830 597 1857 638 5

76 690 176 757 est,
214 686 359 756 quod
398 685 641 738 omnium
677 702 775 753 per
815 686 1059 736 centrum
1099 683 1382 735 ductarum
1413 684 1678 745 rectarum
1715 683 1770 733 et

74 775 391 829 facientium
424 773 684 844 angulum
714 772 1000 825 minimum
1024 775 1108 824 est
1139 789 1275 840 quae
1309 770 1409 823 sub
1436 787 1563 840 yea,
1594 768 1771 821 minor

41 927 43 929 ,
78 883 208 936 ergo
248 882 411 934 quam
444 863 570 931 yed.
632 865 687 915 et
727 865 810 914 est
850 861 1081 931 angulus
1123 860 1339 929 quidem
1372 861 1472 928 φεύ
1509 858 1770 911 medietas

43 989 58 1011 r
77 953 308 1024 angulus
332 953 460 1022 bea3
489 951 1060 1021 parallelogrammum
1085 949 1476 1019 aequilaterum
1500 951 1583 1001 est
1611 946 1769 1000 enim.
1853 989 1856 994 .

36 1042 136 1118 §.get
173 1043 282 1097 zed
317 1041 577 1094 medietas
619 1039 806 1110 anguli
839 1041 973 1110 θεοῖς
1017 1038 1587 1108 parallelogrammum
1627 1036 1768 1090 enim
1802 1044 1858 1084 10

43 1122 58 1147 ²
78 1131 465 1200 aequilaterum
507 1133 604 1183 est.
683 1133 737 1182 et
777 1128 870 1198 qui
911 1129 1010 1181 sub
1050 1129 1158 1182 bea
1195 1146 1326 1198 ergo
1365 1127 1544 1179 minor
1583 1130 1666 1179 est
1705 1143 1768 1179 eo

39 1215 172 1307 {qui
212 1220 312 1273 sub
349 1221 467 1274 aed.
532 1237 695 1290 quare
736 1221 790 1271 et
828 1218 900 1271 ab
938 1217 1258 1288 magnitudo
1298 1215 1670 1287 magnitudine
1701 1216 1772 1268 ἄτη*

36 1334 56 1383 5,
78 1309 257 1362 minor
294 1308 584 1361 uidebitur.

18 1379 54 1474 f}
190 1402 246 1451 et
275 1397 628 1451 manifestum
659 1400 743 1450 est
776 1415 842 1449 ex
871 1399 1223 1466 praeostensa
1253 1395 1479 1466 ratione,
1515 1394 1770 1464 quoniam

16 1482 51 1564 ,Ἢ
79 1486 365 1541 minimum
405 1486 622 1555 quidem
659 1485 934 1538 uidebitur
974 1486 1040 1538 ad
1079 1504 1115 1538 a
1151 1489 1436 1555 punctum,
1475 1483 1770 1536 maximum
1803 1490 1884 1531 15v

41 1529 209 1716 {uero
250 1576 317 1629 ad
356 1575 508 1646 illud,
547 1575 691 1646 quod
730 1575 1024 1629 secundum
1063 1574 1386 1627 diametrum
1426 1573 1594 1626 distat
1633 1572 1701 1626 ab
1737 1590 1773 1625 a

15 1645 20 1725 f
79 1669 308 1736 punct0,
360 1665 581 1734 aequale
627 1683 757 1718 uero
805 1683 901 1736 per
941 1665 1163 1734 aequale
1203 1664 1409 1717 distans
1448 1663 1507 1716 in
1544 1644 1771 1732 utraque

16 1743 57 1811 g}
83 1755 151 1808 ab
190 1773 226 1808 a
261 1757 479 1825 puncto.

199 1901 278 1972 Si,
323 1902 467 1972 quod
504 1902 742 1973 uidetur,
786 1902 1227 1972 perpendiculare
1265 1901 1432 1955 fuerit
1472 1900 1772 1954 subiacenti

82 1991 271 2063 plan0,
323 1995 709 2060 transponatur
758 2009 889 2044 uero
938 1992 1125 2045 oculus
1181 2009 1342 2061 super
1389 1990 1577 2044 circuli
1629 1989 1772 2060 peri-
1804 1994 1861 2034 20

14 2033 275 2157 ἔξίθτὶαηι
322 2084 567 2135 centrum
613 2081 905 2134 habentem
949 2083 1236 2151 punctum,
1291 2080 1584 2134 secundum
1631 2078 1775 2147 quod

46 2129 434 2248 g‘coniungitur
472 2169 791 2240 magnitudo
829 2168 1072 2240 ebipedo,
1111 2168 1332 2238 aequale
1366 2186 1592 2238 semper,
1632 2167 1775 2237 quod

14 2254 62 2295 ;
51 2258 376 2335 ..uidebitun
416 2258 713 2329 apparebit.

51 2323 73 2450 Ξ.
195 2352 314 2401 esto
355 2350 644 2418 conspecta
681 2347 998 2418 magnitudo
1038 2347 1110 2400 ab
1155 2345 1613 2417 perpendicularis
1653 2345 1775 2398 sub-

310 2492 723 2550 aralellogramum
747 2493 811 2548 D,
843 2498 896 2538 ut
919 2494 1001 2538 lin.
1020 2496 1064 2548 9,
1082 2497 1155 2538 10.
1264 2495 1304 2536 8.
1339 2492 1468 2550 ergo]
1503 2492 1554 2535 in
1585 2504 1675 2536 ras.
1707 2490 1770 2535 D.

145 2566 269 2611 angu
291 2554 364 2612 us]
396 2567 479 2598 scr.
513 2551 689 2609 anguli.
819 2555 887 2597 10.
922 2554 970 2596 et
994 2578 1050 2584 —
1078 2556 1145 2597 11.
1180 2553 1252 2595 est
1275 2551 1407 2609 ΨΜ]
1439 2565 1526 2609 my.
1558 2564 1615 2595 m.
1649 2554 1674 2594 1
1708 2550 1771 2595 D.

148 2617 217 2657 11.
250 2613 324 2672 eo]
358 2614 439 2668 bis,
469 2614 547 2657 sed
576 2626 707 2666 corr„
738 2611 801 2655 D.
926 2616 995 2656 17.
1030 2613 1228 2667 utroque
1250 2611 1322 2654 D.

44 2800 46 2802 Ι
63 2742 211 2802 vat„
258 2759 370 2791 corr.
407 2761 468 2790 m.
503 2750 542 2791 2.
695 2751 734 2790 9.
787 2746 937 2803 ΒΕΑ]
980 2747 1123 2789 ΒΕΓ
1154 2744 1264 2788 Vm.
1420 2747 1487 2788 11.
1535 2741 1644 2801 γάρ]
1685 2755 1773 2787 om.

133 2805 297 2851 at.Av.
391 2810 459 2851 12.
487 2804 675 2850 ἔλαττον
698 2820 742 2859 v,
775 2804 857 2847 sed
881 2818 995 2849 corr.
1091 2807 1159 2848 17.
1195 2801 1295 2861 ἐφ’]
1321 2800 1406 2859 ἀφ’
1437 2817 1478 2847 v.
1574 2805 1641 2847 18.
1669 2801 1773 2860 μα’]

86 2873 177 2909 om.
211 2878 252 2919 v,
292 2864 341 2909 ν’
367 2864 424 2922 V,
462 2864 544 2922 μη’
570 2879 630 2908 m.
665 2869 690 2908 2
723 2863 831 2908 vat.
955 2868 1024 2907 20.
1060 2860 1162 2921 ἐπί]
1197 2862 1273 2906 ἐπὶ
1304 2868 1386 2906 τοῦ
1419 2861 1480 2918 A,
1520 2868 1602 2906 τοῦ
1636 2875 1775 2919 supra

161 2958 171 2968 .
203 2922 310 2969 vat.
433 2928 502 2968 21.
539 2923 704 2982 ἔχοντα
736 2938 777 2968 v.
903 2921 947 2981 ὅ]
979 2921 1029 2966 in
1060 2936 1150 2966 ras,
1184 2921 1238 2966 V.
