1904 3184
102 1004 159 1044 10

19 1436 154 1487 '15

96 1897 152 1936 20

196 71 307 124 210
547 73 898 116 OPTICORUM
929 74 1227 118 RECENSIO
1258 75 1538 119 THEONIS.

195 191 288 246 καὶ
326 191 554 262 ἄνήχθω
596 192 700 246 ἀπὸ
740 199 840 245 τοῦ
871 196 938 246 Ν
967 201 1033 264 τῇ
1066 196 1202 246 ΛΜ
1230 195 1368 265 πρὸς
1406 194 1583 265 ὀρθὰς
1621 193 1890 265 μετέωρος

196 282 389 335 εὐθεῖα
431 281 464 350 ἡ
504 281 641 350 ΝΞ,
695 280 786 335 καὶ
833 284 968 335 ἔστω
1016 281 1050 350 ἡ
1089 282 1206 342 ΝΞ
1245 291 1310 354 τῇ
1350 287 1456 336 ΕΖ
1504 288 1617 352 ἴση·
1671 285 1732 337 τὸ
1780 285 1886 354 ἄρα

194 370 319 442 περὶ
365 372 466 440 τὴν
506 374 641 424 ΛΜ
677 373 1030 442 γραφόμενον
1075 379 1256 441 τμῆμα
1309 370 1400 424 καὶ
1447 371 1741 442 ἐρχόμενον
1792 374 1886 425 διὰ

194 467 293 513 τοῦ
320 460 370 520 Ξ
395 462 578 529 μεῖζόν
610 459 760 513 ἐστιν
790 459 1135 529 ἡμικυκλίου,
1169 459 1455 531 ἐπειδήπερ
1488 460 1520 529 ἡ
1547 461 1663 521 ΝΞ
1689 464 1887 530 μείζων

195 547 344 602 ἐστὶν
383 547 637 620 ἑκατέρας
674 558 785 602 τῶν
825 553 964 618 ΛΝ,
996 553 1140 602 ΝΜ
1212 551 1347 602 ε”στω
1388 550 1449 602 τὸ
1491 550 1754 618 ΛΣΞΜ,
1792 548 1886 602 καὶ

195 637 608 707 ἐπεζεύχθωσαν
646 639 708 691 αἱ
743 637 873 707 ΞΛ,
907 638 1038 699 ΞΜ
1116 637 1148 706 ἡ
1190 639 1296 709 ἄρα
1333 639 1470 709 πρὸς
1508 646 1583 711 τῷ
1623 638 1673 698 Ξ
1710 642 1884 706 γωνία

192 727 226 795 ἡ
263 725 620 797 περιεχομένη
658 727 767 780 ὑπὸ
807 736 918 780 τῶν
951 726 1140 787 ΛΞΜ
1171 732 1259 796 ἴση
1301 726 1414 780 ε’στὶ
1453 735 1518 799 τῇ
1556 729 1693 799 πρὸς
1727 735 1802 800 τῷ
1834 732 1887 780 Ε

193 819 395 888 σημείῳ
435 823 501 886 τῇ
540 815 896 886 περιεχομένῃ
935 815 1042 869 ὑπὸ
1082 825 1194 868 τῶν
1226 816 1702 885 ἐπιζευγνυουσῶν
1740 818 1800 870 τὸ
1833 821 1886 870 Ε

190 903 283 957 καὶ
320 906 387 957 τὰ
428 908 488 974 Γ,
519 910 574 958 Δ
613 914 820 974 σημεῖα.
899 903 1165 958 ἐκκείσθω
1204 913 1271 976 τῇ
1308 906 1416 958 ὑπὸ
1455 915 1567 959 τῶν
1606 909 1734 974 ΕΖ,
1770 909 1890 958 ΖΗ

193 999 281 1062 ἴση
328 994 361 1063 ἡ
404 995 511 1048 ὑπὸ
551 1002 664 1047 τῶν
703 997 836 1062 ΛΝ,
877 997 1016 1062 ΝΟ,
1058 992 1150 1047 καὶ
1189 993 1500 1065 ἀφῃρήσθω
1542 999 1629 1063 ἴση
1670 1003 1736 1065 τῇ
1775 999 1894 1048 ΕΖ

189 1082 222 1151 ἡ
277 1087 417 1153 ΝΟ,
476 1082 567 1136 καὶ
622 1082 1039 1151 ἐπεζεύχθωσαν
1093 1084 1155 1136 αἱ
1204 1086 1338 1152 ΛΟ,
1379 1087 1525 1151 ΜΟ,
1586 1082 1677 1136 καὶ
1730 1101 1904 1159 περιεἱ

188 1172 492 1243 γεγράφθω
532 1170 657 1242 περὶ
703 1173 764 1225 τὸ
805 1174 997 1224 ΛΟΜ
1034 1174 1308 1239 τρίγωνον
1346 1179 1526 1241 τμῆμα
1564 1173 1771 1225 κύκλου
1817 1174 1882 1225 τὸ

189 1265 388 1314 ΛΟΜ
459 1263 608 1314 ἔσται
648 1261 716 1330 δὴ
755 1259 846 1313 καὶ
886 1259 918 1328 ἡ
959 1261 1096 1330 πρὸς
1134 1268 1208 1333 τῷ
1245 1264 1291 1314 Ο
1330 1264 1533 1365 σημείῳ
1574 1264 1749 1329 γωνία
1789 1267 1880 1331 ἴση

188 1358 253 1422 τῆ
292 1350 400 1404 ὑπὸ
439 1359 551 1403 τῶν
582 1353 770 1403 ΗΕΘ.
834 1351 912 1402 ἔτι
950 1353 1158 1403 κείσθω
1199 1357 1264 1421 τῇ
1298 1349 1406 1403 ὑπὸ
1438 1359 1550 1402 τῶν
1581 1354 1753 1403 ΕΖΚ
1789 1356 1904 1419 ἴσην

188 1438 220 1507 ἡ
266 1439 374 1492 ὑπὸ
421 1448 532 1491 τῶν
576 1442 781 1507 ΛΝΠ,
831 1436 922 1491 καὶ
962 1437 1227 1492 ἐκκείσθω
1271 1446 1336 1510 τῆ
1375 1442 1480 1491 ΕΖ
1529 1444 1617 1508 ἴση
1665 1438 1696 1507 ἡ
1737 1443 1879 1508 ΝΠ,
1900 1485 1904 1490 4

187 1527 278 1581 καὶ
332 1528 745 1597 ἐπεζεύχθωσαν
798 1529 860 1581 αι
909 1531 1048 1597 ΛΠ,
1089 1531 1242 1596 ΠΜ,
1303 1526 1393 1580 καὶ
1446 1528 1901 1598 περιγεγραφθω

185 1616 310 1688 περὶ
364 1618 424 1671 τὸ
474 1621 526 1670 Λ
538 1621 601 1670 Π
608 1621 683 1670 Μ
726 1620 1000 1688 τρίγωνον
1053 1625 1234 1686 τμῆμα
1286 1618 1508 1670 κύκλου.
1601 1619 1750 1670 ἔσται
1807 1618 1899 1687 δὴ

185 1705 276 1759 καὶ
322 1705 355 1775 ἡ
401 1707 539 1778 πρὸς
583 1715 658 1779 τῷ
703 1711 766 1779 Π
805 1709 1008 1779 σημείῳ
1060 1711 1148 1774 ἴση
1196 1714 1261 1778 τῇ
1307 1707 1414 1760 ὑπὸ
1463 1710 1629 1759 ΑΕΒ
1685 1709 1904 1785 γωνία.ἶ

186 1795 299 1850 ἐπεὶ
348 1793 450 1850 οὖν
495 1799 692 1865 μείζων
739 1794 888 1849 ἐστὶν
933 1795 966 1864 ἡ
1012 1797 1151 1866 πρὸς
1195 1816 1270 1868 τῳ
1312 1795 1362 1856 Ξ
1403 1804 1499 1865 τῆς
1536 1796 1673 1867 πρὸς
1711 1815 1785 1867 τῳ
1829 1791 1904 1886 Οὲ

185 1888 409 1953 γωνιΗας
450 1885 482 1955 ἡ
522 1905 622 1955 μεν
660 1886 764 1955 γὰρ
804 1886 941 1956 πρὸς
979 1893 1054 1957 τῷ
1087 1884 1138 1945 Ξ
1173 1889 1262 1953 ἴση
1304 1883 1416 1938 ἐστὶ
1450 1893 1513 1956 τῆ
1544 1885 1682 1955 πρὸς
1712 1892 1795 1956 τῷ
1821 1872 1904 1985 ΣΞ

184 1976 381 2046 γωνία,
428 1972 461 2042 ἡ
502 1970 562 2026 δὲ
599 1974 738 2045 πρὸς
775 1994 850 2045 τῳ
891 1977 949 2026 Σ
989 1976 1186 2042 μείζων
1233 1972 1347 2027 ἐστὶ
1392 1981 1488 2042 τῆς
1533 1974 1670 2045 πρὸς
1707 1992 1783 2045 τῳ
1826 1972 1904 2064 ΟΞ-

184 2065 410 2130 γωνίας·
463 2063 738 2131 τριγώνου
785 2063 890 2133 γὰρ
930 2069 1029 2114 τοῦ
1071 2065 1242 2115 ΛΣΟ
1290 2061 1441 2125 ἐκτός
1481 2061 1652 2115 ἐστιν·
1707 2061 1798 2115 καὶ
1836 2037 1904 2155 ἡῗ

183 2153 321 2222 πρὸς
358 2170 434 2224 τῳ
467 2151 516 2212 Ξ
550 2153 657 2222 ἄρα
695 2154 892 2221 μείζων
932 2149 1045 2205 ἐστὶ
1084 2158 1180 2219 τῆς
1211 2152 1349 2221 πρὸς
1378 2171 1453 2224 τῳ
1489 2155 1556 2204 Ο·
1596 2154 1693 2204 καί
1721 2137 1894 2211 ἐστινῖ

183 2237 355 2310 ἡμὲν
393 2241 530 2310 πρὸς
567 2259 642 2312 τῳ
685 2239 734 2300 Ξ
770 2245 858 2308 ἴση
898 2248 962 2310 τῇ
1001 2239 1110 2293 ὑπὸ
1153 2242 1320 2309 ΓΕΔ,
1360 2239 1393 2308 ἡ
1434 2237 1495 2292 d}
1533 2241 1671 2310 πρὸς
1708 2248 1783 2312 τςό
1821 2245 1897 2294 Ο

95 2342 145 2380 2·
184 2338 249 2400 τῇ
286 2329 395 2383 ὑπὸ
435 2332 634 2398 ΗΕΘ,
684 2331 880 2398 μείζων
926 2330 1032 2399 ἄρα
1081 2330 1384 2398 φανήσεται
1430 2327 1521 2382 καὶ
1559 2327 1592 2396 ἡ
1634 2331 1734 2381 ΓΔ
1746 2278 1904 2399 τῆ94Ξ

181 2422 247 2471 Η
253 2423 313 2472 Θ.
382 2419 549 2472 πάλιν
596 2417 629 2486 ἡ
676 2415 776 2487 μὲν
822 2419 960 2489 πρὸς
1005 2426 1080 2490 τῷ
1124 2422 1170 2471 Ο
1215 2421 1390 2486 γωνία
1435 2425 1501 2488 τῇ
1546 2418 1654 2471 ὑπὸ
1692 2412 1904 2495 ΗΕΘῑΞ

1875 2509 1904 2578 ῑϊέ

1875 2604 1886 2652 1.

244 2650 246 2654 ·
303 2644 341 2684 3.
376 2638 638 2697 ἀρχόμενον
669 2638 724 2695 V,
759 2652 872 2682 corr.
905 2653 963 2682 m.
998 2651 1087 2682 ree.
1197 2642 1236 2682 4.
1270 2634 1453 2710 μείζων]
1486 2638 1640 2693 μεῖζον
1672 2653 1713 2682 v.
1823 2641 1862 2682 6.

180 2700 289 2773 ΞΛ]
328 2702 411 2743 ΖΛ
441 2713 486 2755 p.
608 2699 689 2757 τῷ]
723 2696 774 2740 in
805 2712 893 2741 ras,
924 2698 978 2754 V,
1019 2697 1071 2741 τό
1104 2713 1148 2742 v.
1273 2701 1310 2741 7.
1346 2696 1467 2740 ἐστιν
1499 2696 1591 2741 Vv.
1715 2701 1754 2741 9.
1789 2695 1884 2748 ἐκο,

179 2756 373 2816 κείσθω]
410 2757 474 2802 ἔτι
505 2755 680 2802 κείσθω
713 2770 737 2801 e
770 2771 882 2801 corr.
915 2772 959 2814 p
1061 2757 1177 2814 ZH]
1212 2759 1262 2800 H
1289 2769 1312 2799 e
1346 2769 1458 2799 corr.
1494 2770 1535 2799 v.
1645 2760 1712 2800 11.
1746 2757 1883 2844 „403

183 2820 223 2861 Ο
256 2831 279 2861 e
312 2831 424 2862 corr.
458 2833 499 2862 v.
635 2817 758 2874 MO]
800 2830 912 2860 corr
947 2830 1003 2860 ex
1037 2818 1141 2861 ΜΘ
1173 2831 1214 2860 v.
1336 2813 1648 2872 περιγράφθω
1681 2815 1735 2871 V,
1778 2827 1826 2858 se

181 2890 293 2921 corr.
388 2881 456 2920 12.
481 2876 594 2920 Post
617 2875 668 2920 τό
687 2877 788 2933 (pr.)
816 2881 838 2919 1
863 2875 954 2920 litt.
975 2889 1090 2920 eras.
1109 2891 1152 2920 v.
1246 2879 1314 2919 13.
1340 2875 1525 2933 ΛΟΜ]
1561 2877 1602 2920 Ο
1627 2887 1651 2918 e
1676 2888 1789 2919 corr.
1814 2887 1878 2920 v.
