1904 3184
112 141 217 195 166
459 140 811 183 OPTICORUM
841 138 1140 182 REGENSIO
1172 138 1452 181 THEONIS.

20 260 31 271 ’
108 266 170 319 τὸ
210 267 328 318 ΒΓ.
417 261 519 315 οὐκ
566 259 843 328 ἀνάλογον
888 260 996 330 ἄρα
1042 267 1158 322 τοῖς
1204 257 1549 327 ἀποστήμασι
1595 258 1662 310 τὰ
1711 262 1802 311 ἴσα

108 352 315 424 μεγέθη
356 352 565 422 ὁρᾶται.

920 450 1000 505 θ’.

230 565 281 615 Τ
274 564 307 615 ἀ
363 560 683 632 ὀρθογώνια
737 556 944 628 μεγέθη
1008 556 1062 621 ἐξ
1118 555 1500 625 ἀποστήματος
1552 554 1805 624 ὁρώμενα

51 667 78 707 5
109 658 379 723 περιφερῆ
420 651 693 720 φαίνεται.
1273 694 1499 741 Β-Ἦ*

223 743 360 794 ἔστω
409 740 515 809 γὰρ
555 738 909 809 ὀρθογώνιον
947 737 1009 790 τὸ
1049 738 1162 789 ΒΓ
1328 751 1334 815 ς
1631 736 1744 858 —l
1881 735 1884 783 ὲ

113 829 305 899 [ἑστὼς
335 827 636 900 μετέωρον]
678 826 731 892 ἐξ
772 827 1155 897 ἀποστήματος
1329 818 1361 907 :fs

111 920 411 991 ὁρώμενον.
504 918 713 972 οὐκοῦν
758 915 872 971 ἐπεὶ
922 915 1156 970 ἕκαστον
1330 911 1338 983 ᾗ
1756 907 1794 951 Ζ

110 1018 223 1064 τῶν
258 1006 557 1080 ὁρωμένων
588 1009 698 1077 ἔχει
728 1026 781 1060 τι
818 1014 990 1076 μῆκος
1021 1004 1153 1059 ἀπο-
1331 981 1446 1128 ΚΧ

23 1114 80 1155 10
113 1100 413 1169 στήματος,
482 1093 550 1151 οὗ
609 1098 909 1166 γενόμενον
971 1093 1155 1148 οὐκέτι
1287 1095 1291 1098 ’
1330 1059 1435 1150 ἰ,-
1497 1157 1539 1200 Δ

111 1187 331 1259 ὁρᾶται,
377 1185 410 1255 ἡ
458 1183 560 1256 μὲν
600 1188 654 1239 Γ
690 1187 798 1256 ἄρα
836 1187 1013 1253 γωνία
1052 1185 1154 1255 οὐχ
1726 1159 1781 1201 Γ
1874 1230 1876 1234 ,

110 1276 329 1347 ὁρᾶται,
376 1276 443 1329 τὰ
490 1272 551 1328 δὲ
589 1280 668 1343 Δ,“
702 1278 748 1328 Ζ
787 1283 983 1344 σημεῖα
1028 1277 1204 1344 μόνον
1250 1277 1520 1345 φαίνεται.
1605 1275 1808 1345 ὁμοίως
1902 1283 1904 1314 :

110 1364 201 1419 καὶ
234 1363 323 1436 ἐφ’
353 1363 583 1434 ἑκάστης
612 1373 725 1417 τῶν
758 1358 968 1418 λοιπῶν
999 1373 1220 1432 γωνιῶν
1258 1372 1422 1418 τοῦτο
1454 1367 1806 1436 συμβήσεται.

112 1455 251 1509 ὥστε
290 1455 422 1510 ὅλον
460 1450 754 1525 περιφερὲς
791 1454 1110 1523 φανήσεται.

24 1633 78 1676 15
1864 1536 1904 1705 {f

1864 1698 1877 1734 ’ἕ
1898 1711 1901 1737 r

232 1726 355 1777 Τῶν
378 1723 524 1776 κάτω
550 1729 649 1775 τοῦ
674 1723 916 1792 ὄμματος
940 1720 1215 1776 ἐπιπέδων
1239 1721 1506 1793 κειμένων
1528 1724 1594 1776 τὰ
1618 1724 1807 1794 πόρρω
1863 1738 1904 1823 ’μ

110 1814 481 1883 μετεωρότερα
521 1820 791 1882 φανεῖται.
1863 1828 1877 1877 ,ι

224 1904 362 1956 ἔστω
411 1902 516 1972 γὰρ
556 1902 703 1971 ὄμμα
743 1902 803 1955 τὸ
844 1904 891 1955 Β
938 1902 1053 1955 ἄνω
1094 1909 1194 1955 τοῦ
1236 1903 1348 1955 ΓΚ
1392 1899 1655 1955 ἐπιπέδου
1701 1904 1808 1956 κεί-

112 2010 307 2062 μενον,
369 1989 467 2061 ἀφ’
520 1987 588 2044 οὗ
643 1991 884 2060 ὄμματος
935 1989 1429 2061 προσπιπτέτωσαν
1483 1990 1698 2055 ἀκτῖνες
1752 1992 1814 2045 αἰ
1862 1981 1872 2063 f

25 2097 82 2138 20
115 2083 237 2150 ΒΓ,
277 2084 398 2149 ΒΔ,
439 2083 568 2148 ΒΖ,
609 2083 743 2148 ΒΚ,
798 2075 878 2134 ὧν
916 2079 950 2149 ἡ
992 2082 1107 2134 ΒΚ
1148 2079 1383 2144 κάθετος
1429 2083 1565 2135 ἔστω
1614 2079 1702 2135 ἐπὶ
1748 2082 1810 2135 τὸ
1859 2065 1885 2150 J

114 2170 479 2240 ὑποκείμενον
533 2169 809 2223 ἐπίπεδον.
903 2168 1068 2238 λέγω,
1123 2170 1207 2224 ὄτι
1260 2171 1323 2224 τὸ
1379 2172 1491 2224 ΓΔ
1544 2177 1644 2224 τοῦ
1700 2173 1811 2224 ΔΖ
1859 2175 1865 2222 ξ

116 2261 521 2331 μετεωρότερον
561 2261 834 2328 φαίνεται,
874 2260 935 2313 τὸ
976 2256 1037 2312 δὲ
1078 2263 1191 2313 ΛΖ
1229 2266 1330 2313 τοῦ
1373 2262 1494 2313 ΖΚ.
1556 2261 1811 2329 εἰλήφθω
1854 2327 1861 2338 Ι

117 2348 274 2420 [γὰρ]
317 2346 405 2403 ἐπὶ
436 2355 532 2418 τῆς
566 2350 679 2401 ΖΚ
711 2349 881 2418 τυχὸν
912 2357 1140 2418 σημεῖον
1170 2349 1234 2403 τὸ
1258 2353 1323 2418 Ε,
1362 2347 1454 2403 καὶ
1484 2350 1642 2419 ἤχθω
1674 2351 1813 2422 πρὸς

117 2438 301 2510 ὀρθάς
344 2437 378 2507 ἡ
418 2441 549 2491 ΕΗ.
624 2435 717 2491 καὶ
765 2436 879 2491 ἐπεὶ
927 2438 989 2491 αἱ
1023 2439 1178 2502 ὄψεις
1217 2440 1489 2509 πρότερον
1533 2439 1673 2509 πρὸς
1710 2440 1812 2508 τὴν
1848 2494 1850 2499 ,

28 2542 85 2583 25
119 2531 240 2581 HE
281 2529 727 2598 προσπίπτουσιν
766 2527 903 2598 ἤπερ
947 2528 1086 2597 πρὸς
1124 2528 1227 2597 τὴν
1264 2529 1385 2596 ΕΓ,
1431 2525 1813 2598 προσπιπτέτω
1852 2530 1871 2595 ’1

117 2624 183 2688 τῇ
223 2620 346 2670 ΗΕ
381 2617 413 2686 ἡ
453 2613 634 2686 μὲνΒ
647 2619 700 2669 Γ
728 2617 866 2669 κατὰ
905 2618 966 2670 τὸ
999 2620 1065 2670 Η
1095 2625 1338 2687 σημεῖον,
1377 2616 1411 2685 ἡ
1443 2613 1503 2670 δὲ
1537 2620 1642 2670 ΒΔ
1678 2617 1817 2671 κατὰ

242 2755 280 2793 7.
315 2747 452 2800 ἑστὼς
483 2745 733 2807 μετέωρον]
767 2763 826 2791 m.
860 2761 948 2793 rec,
982 2748 1036 2792 V.
1147 2753 1214 2793 10.
1249 2744 1504 2805 γενομένου
1537 2747 1631 2805 Vp.
1743 2750 1812 2792 15.
1864 2759 1865 2763 ’

122 2838 180 2897 ι’]
211 2838 268 2895 V,
309 2838 378 2882 ια’
412 2839 526 2881 mut.
559 2836 610 2880 in
651 2837 718 2895 ιβ’
752 2852 812 2881 m.
846 2851 935 2881 rec.
1091 2841 1158 2881 16.
1200 2819 1458 2883 ἐπιπέδόνα
1489 2824 1742 2894 κειμένωνβ
1773 2835 1817 2881 V

123 2901 192 2956 (α,
232 2901 282 2958 β,
323 2915 358 2942 ω
398 2912 458 2941 m.
499 2898 628 2954 rec.)‚
677 2894 903 2953 κειμένων
945 2894 1180 2941 ἐπιπέδων
1226 2911 1308 2954 Vp.
1463 2901 1531 2942 17.
1573 2895 1814 2955 φανεῖται]

123 2955 345 3014 φαίνεται
376 2971 456 3014 vp,
490 2971 550 3001 m.
568 2969 656 3000 rec.
674 2956 730 3000 V.
823 2961 893 3001 20.
930 2957 1027 3015 ΒΔ]
1062 2961 1103 3000 Δ
1134 2955 1185 3000 in
1216 2970 1304 3001 ras.
1331 2971 1390 3001 m.
1418 2962 1443 3001 2
1469 2971 1513 3002 v.
1607 2957 1815 3013 BK(pr.)
1856 3009 1857 3026 ἢ
