1904 3184
0 0 58 281 Ι
621 119 907 162 Eucnmrs
941 118 1173 161 OPTICA.
1676 115 1749 169 33

42 242 69 296 i

69 245 129 295 ta
165 242 244 294 da
281 240 349 293 ad
386 240 472 293 ab.
551 239 645 292 sed
682 255 744 292 ez
782 238 851 290 ad
888 238 956 292 ba
991 236 1274 308 proportio
1315 240 1398 291 est
1436 240 1583 308 nota,
1622 237 1751 307 quia

10 294 271 384 ²termini
313 329 448 382 noti.
541 327 864 398 quantitatis
912 345 1043 398 ergo
1090 328 1169 381 da
1221 327 1290 381 ad
1335 326 1406 380 ab
1459 327 1747 397 proportio

12 353 194 586 {nota
272 422 327 471 et
366 421 450 471 est
488 418 552 470 ab
590 420 799 470 notum.
875 418 957 469 ad
992 434 1124 488 ergo
1162 419 1357 469 notum
1396 419 1493 470 est.

162 611 366 665 Datam
402 609 827 681 longitudinem,
865 613 1070 679 quanta
1108 613 1191 663 est
1199 653 1214 680 7
1251 609 1500 679 reperire.

166 705 284 754 esto
325 701 451 754 data
486 699 774 771 longitudo
806 699 894 769 ab,
935 699 1124 752 oculus
1156 717 1206 769 9,
1246 702 1301 752 et
1334 699 1588 753 accidant
1611 698 1750 751 radii
1813 707 1839 746 5

8 799 9 805 ’
49 791 127 844 ba
164 795 220 844 et
253 791 349 860 qb,
402 793 457 842 et
496 792 743 842 sumatur
786 806 957 858 prope
1007 788 1224 842 oculum
1257 806 1294 857 9
1340 806 1502 858 super
1539 787 1752 841 radium

50 880 195 934 forte
232 882 468 949 punctus
499 879 547 943 d,
587 881 642 931 et
679 877 930 930 trahatur
967 895 1065 946 per
1095 879 1132 930 d
1166 880 1430 946 punctum
1467 880 1647 931 rectae
1680 878 1751 931 ab

497 967 758 1037 parallela
810 969 878 1021 de
937 970 1102 1020 recta.
1197 966 1606 1020 constituuntur
1658 966 1753 1020 tri-

11 1081 13 1090 *
60 1046 109 1097 d
502 1056 632 1127 goni
671 1055 890 1109 similes.
952 1056 1041 1109 uel
1079 1055 1172 1109 sio.
1235 1074 1396 1126 super
1434 1057 1507 1109 ab
1546 1056 1753 1128 magni-

11 1188 14 1196 .
499 1145 746 1199 tudinem
789 1146 857 1199 ab
899 1145 1055 1199 oculo
1096 1146 1325 1199 ducatur
1363 1146 1612 1199 cathetus
1667 1146 1753 1216 db,
1787 1153 1844 1194 10

12 1319 14 1321 ‚
68 1074 360 1458 effi
503 1253 665 1304 super
732 1235 803 1289 db
868 1238 1050 1288 autem
1119 1235 1406 1306 adaptetur
1472 1235 1755 1306 perpendi·
1864 1277 1866 1279 -

2 1390 17 1396 Ι
502 1325 725 1394 cularis,
795 1325 964 1378 donee
1032 1342 1130 1393 per
1197 1324 1313 1377 eius
1374 1324 1669 1379 terminum
1728 1341 1755 1379 e

4 1404 19 1478 Ξ
66 1427 102 1483 5
362 1452 411 1486 a
501 1414 770 1467 transiens
820 1413 973 1467 uisus
1026 1413 1212 1467 ueniat
1266 1415 1334 1468 ad
1385 1414 1680 1468 terminum
1723 1415 1754 1468 b

16 1495 21 1514 ¹
500 1503 861 1575 longitudinis
901 1504 1323 1575 cognoscendae.
1388 1507 1547 1557 erunt
1583 1503 1755 1574 igitur

4 1583 25 1617 Ψ
70 1613 164 1648 uo
203 1593 410 1664 trigoni
450 1593 655 1646 similes
664 1636 679 1663 ‚
726 1596 782 1646 et
827 1593 1002 1646 latera
1039 1592 1496 1664 proportionalia,
1541 1595 1595 1646 et
1634 1611 1756 1662 pro·
1788 1600 1843 1641 15

6 1671 8 1679 ’
51 1714 57 1738 ε.
100 1684 279 1737 datur
317 1683 460 1736 siout
496 1682 663 1752 prius.

170 1876 237 1929 In
276 1877 465 1930 eodem
502 1876 666 1946 plano
676 1919 691 1946 ‚
743 1876 803 1928 in
853 1894 959 1946 quo
1001 1876 1215 1946 ooquS‚
1269 1876 1456 1930 circuli
1501 1875 1757 1946 periferia

76 1969 318 2036 ·onatur‚
356 1984 420 2018 ea
458 1965 647 2018 circuli
685 1965 941 2036 periferia
978 1969 1130 2019 reeta
1166 1965 1311 2018 linea
1352 1969 1591 2036 apparet.

11 2042 34 2055 ’
172 2059 291 2108 esto
337 2053 593 2124 periferia
639 2053 827 2108 circuli
865 2055 957 2126 by,
1010 2055 1071 2107 in
1120 2054 1310 2108 eodem
1362 2055 1526 2125 plano
1572 2054 1754 2108 iacens

12 2131 14 2153 *
71 2156 84 2189 ἰ
126 2144 250 2197 ulus
275 2162 325 2214 a,
355 2161 388 2195 a
411 2161 518 2213 quo
551 2142 799 2197 accidant
821 2144 960 2197 radii
991 2144 1080 2215 ab,
1111 2145 1202 2214 ad,
1234 2162 1317 2215 ae,
1347 2161 1433 2213 az,
1464 2144 1544 2215 ai,
1567 2148 1645 2214 at,
1668 2162 1752 2213 ay.
1788 2151 1846 2192 20

179 2396 219 2438 9.
260 2392 337 2438 uel
371 2392 457 2453 sio]
487 2395 758 2451 compendia
788 2395 932 2440 dubia
962 2394 1024 2439 D.
1173 2398 1242 2438 10.
1286 2393 1367 2453 ab]
1401 2393 1463 2438 ad
1494 2393 1557 2438 D.
1684 2397 1753 2438 12.

15 2466 30 2504 :⁴
107 2451 163 2511 ι’]
192 2452 336 2510 pars?
367 2453 430 2499 D.
526 2453 768 2512 Fiywram,
799 2469 937 2511 quam
966 2455 1086 2510 dedi,
1112 2460 1297 2511 praeter
1322 2468 1435 2509 eam,
1467 2467 1603 2511 quam
1626 2453 1754 2498 codd.

53 2516 98 2559 μ’
134 2514 233 2557 aeci
256 2514 492 2570 praebent,
521 2514 655 2559 habet
685 2514 748 2558 D.

125 2745 266 2808 ἐστίν]
299 2747 394 2794 ἐστί
423 2765 530 2807 vm,
563 2751 612 2794 et
641 2750 772 2808 Vat.‚
813 2749 897 2794 sed
928 2763 1042 2795 corr.
1175 2754 1244 2795 17.
1285 2756 1376 2794 τῶν
1408 2749 1638 2809 πλευρῶν]
1670 2749 1756 2807 τὴν

28 2855 41 2879 ν
140 2806 354 2884 ράννω.
459 2814 530 2854 21.
564 2809 826 2868 ἐστιν(Ρι·.)]
853 2809 948 2884 ἐστι
970 2810 1185 2854 Vatvm.
1287 2814 1357 2885 23‘.
1390 2808 1491 2928 κβ’]]
1523 2809 1600 2867 κγ’
1621 2809 1754 2854 codd.

29 2881 36 2903 a
118 2868 818 2973 u'ffgffzfflrroeffipbvat'm'
850 2885 875 2914 o
899 2868 951 2927 B,
985 2867 1010 2914 ὅ
1041 2884 1084 2914 v.
1185 2873 1255 2914 25.
1288 2871 1461 2914 κυκλου
1515 2882 1663 2926 comp.
1697 2869 1756 2926 B3

304 2963 329 2985 .,
466 2965 475 2973 .
559 2964 568 2974 .
633 2964 643 2974 .

154 3007 408 3053 Eucliden,
431 3011 513 3045 edd.
533 3011 706 3053 Heiberg
730 3014 768 3046 et
791 3013 942 3054 Moneo.
977 3012 1067 3046 VII.
1463 3007 1490 3047 3
