1904 3184
194 124 224 176 7
228 123 264 174 4
761 125 1044 167 EUCLIDIS
1078 124 1309 169 OPTICA.

191 245 323 305 ,ΞΜ
401 243 433 312 ἡ
483 245 590 314 ἄρα
642 244 780 314 πρὸς
825 252 901 316 τῷ
949 243 1000 304 Ξ
1046 246 1222 312 γωνία
1276 244 1309 313 ἡ
1362 243 1718 314 περιεχομένη
1772 245 1881 299 ὑπὸ

186 343 299 386 τῶν
331 333 462 399 ΛΞ,
499 333 628 394 ΞΜ
657 333 896 386 εὐθειῶν
935 337 1025 402 ἴση
1065 331 1179 386 ἐστὶ
1217 341 1282 404 τῇ
1313 334 1452 404 πρὸς
1482 341 1557 405 τῷ
1589 337 1642 386 Ε
1677 337 1881 406 σημείῳ

185 429 251 493 τῇ
291 421 648 493 περιεχομένῃ
686 421 794 475 ὑπὸ
834 428 935 474 τοῦ
973 426 1027 475 Ε
1060 420 1152 474 καὶ
1190 431 1302 474 τῶν
1344 424 1404 490 Γ,
1435 426 1504 474 Δ.
1567 422 1880 476 συνεστάτω

185 512 325 582 πρὸς
369 519 435 582 τῇ
483 514 607 564 AN
646 510 841 583 εὐθείᾳ
886 508 978 563 καὶ
1026 519 1101 583 τῷ
1149 515 1215 564 Ν
1254 513 1457 583 σημείῳ
1504 519 1570 582 τῇ
1615 511 1723 565 ὑπὸ
1770 522 1883 565 τῶν

130 613 156 652 5
187 603 327 668 HZ,
370 604 478 653 ΖΕ
531 605 620 668 ἴση
667 599 700 669 ἡ
742 599 851 653 ὑπὸ
897 608 1010 653 τῶν
1050 603 1183 668 AN,
1223 604 1356 669 ΝΟ,
1410 598 1502 652 καὶ
1539 603 1746 653 κείσθω
1790 605 1878 670 ἴση

186 697 253 760 τῇ
292 693 398 742 ΕΖ
448 687 482 756 ἡ
521 692 662 757 ΝΟ,
712 687 805 741 καὶ
853 688 1270 758 ἐπεζεύχθωσαν
1317 690 1378 741 αἱ
1421 692 1548 757 ΛΟ,
1590 692 1735 757 ΟΜ,
1789 688 1881 742 καὶ

184 777 616 849 περιγεγράφθω
641 776 767 848 περὶ
790 778 852 831 τὸ
878 781 1070 831 ΛΟΜ
1091 780 1366 846 τρίγωνον
1389 785 1570 847 τμῆμα
1593 778 1655 831 τὸ
1681 781 1880 831 ΛΟΜ

190 870 340 920 ἔσται
379 867 448 935 δὴ
487 865 579 919 καὶ
617 866 651 935 ἡ
690 868 828 938 πρὸς
866 875 941 939 τῳ
978 871 1024 920 Ο
1063 869 1267 939 σημείῳ
1308 869 1483 934 γωνία
1524 872 1614 936 ἴση
1645 875 1711 938 τῇ
1742 868 1881 937 πρὸς

187 964 262 1028 τῷ
294 960 348 1008 Ε
382 963 449 1026 τῇ
487 955 596 1008 ὑπὸ
635 964 748 1008 τῶν
779 959 968 1008 ΗΕΘ.
1031 957 1110 1008 ἔτι
1150 955 1462 1008 συνεστάτω
1494 956 1632 1024 πρὸς
1663 963 1728 1027 τῇ
1761 959 1812 1009 Λ
1823 960 1887 1009 Ν

103 1057 158 1097 10
189 1045 382 1116 εὐθείᾳ
427 1042 519 1097 καὶ
565 1051 641 1116 τςό
687 1044 826 1115 πρὸς
865 1044 1003 1115 αὐτῇ
1046 1047 1249 1117 σημείῳ
1289 1052 1365 1117 τῷ
1405 1048 1470 1098 Ν
1508 1052 1574 1116 τῇ
1618 1044 1727 1098 ὑπὸ
1767 1054 1880 1099 τῶν

185 1138 357 1187 ΑΖΕ
399 1136 576 1206 γωνίᾳ
624 1138 713 1201 ἴση
759 1132 792 1201 ἡ
840 1134 947 1187 ὑπὸ
994 1143 1106 1186 τῶν
1149 1137 1291 1202 ΛΝ,
1330 1137 1477 1202 ΝΠ,
1530 1132 1622 1187 καὶ
1672 1136 1878 1187 κείσθω

185 1231 251 1294 τῇ
289 1227 395 1276 ΕΖ
444 1228 534 1292 ἴση
580 1222 613 1291 ἡ
653 1227 800 1292 ΝΠ,
848 1221 940 1275 καὶ
987 1222 1402 1292 ἐπεζεύχθωσαν
1448 1224 1510 1276 αἱ
1553 1227 1692 1292 ΛΠ,
1732 1227 1880 1291 ΠΜ,

184 1311 276 1365 καὶ
328 1313 759 1384 περιγεγράφθω
821 1310 947 1383 περὶ
1001 1313 1062 1366 τὸ
1119 1316 1248 1365 ΛΠ
1254 1316 1328 1365 Μ
1372 1315 1646 1383 τρίγωνον
1699 1319 1880 1382 τμῆμα

183 1403 390 1455 κύκλου
430 1402 492 1455 τὸ
524 1405 649 1455 ΛΠ
652 1405 730 1455 Μ
794 1403 944 1454 ἔσται
985 1402 1053 1471 δὴ
1093 1400 1185 1454 καὶ
1223 1400 1256 1470 ἡ
1295 1402 1433 1472 πρὸς
1470 1409 1545 1474 τῷ
1579 1405 1642 1454 Π
1674 1403 1878 1473 σημείῳ

98 1502 152 1542 15
185 1493 361 1559 γωνία
401 1496 490 1560 ἴση
529 1499 595 1563 τῇ
625 1491 733 1545 ὑπὸ
767 1494 934 1544 ΑΕΒ
974 1493 1164 1563 γωνίᾳ.
1220 1489 1334 1543 ἐπεὶ
1367 1487 1471 1545 οὖν
1501 1493 1697 1560 μείζων
1730 1488 1879 1543 ἐστὶν

186 1579 219 1648 ἡ
259 1581 397 1650 πρὸς
434 1588 510 1652 τῷ
551 1580 602 1641 Ξ
635 1588 732 1649 τῆς
769 1581 907 1651 πρὸς
944 1588 1019 1652 τῷ
1063 1584 1132 1649 Ο,
1174 1578 1294 1633 ἀλλ’
1329 1580 1362 1649 ἡ
1402 1577 1503 1649 μὲν
1540 1580 1678 1650 πρὸς
1717 1586 1792 1651 τῷ
1834 1578 1884 1639 Ξ

186 1672 389 1741 σημείῳ
438 1674 529 1737 ἴση
577 1677 642 1740 τῇ
687 1668 796 1722 ὑπὸ
838 1672 1027 1738 ΓΕΔ,
1082 1668 1115 1737 ἡ
1164 1666 1224 1722 ὁὲ
1269 1669 1408 1739 πρὸς
1453 1677 1528 1741 τῷ
1573 1673 1620 1722 Ο
1665 1676 1730 1739 τῇ
1769 1668 1878 1721 ὑπὸ

184 1761 384 1826 ΗΕΘ,
424 1760 621 1827 μείζων
661 1758 767 1828 ἄρα
807 1758 1111 1827 φανήσεται
1151 1756 1184 1826 ἡ
1227 1760 1328 1810 ΓΔ
1366 1765 1462 1826 τῆς
1500 1761 1632 1810 ΗΘ.
1708 1756 1877 1810 πάλιν

187 1845 301 1900 ἐπεὶ
351 1847 384 1916 ἡ
431 1843 531 1916 μὲν
577 1847 716 1916 πρὸς
761 1854 836 1918 τῷ
881 1851 927 1900 Ο
975 1850 1178 1919 σημείῳ
1227 1849 1402 1915 γωνία
1448 1855 1513 1917 τῇ
1551 1846 1660 1899 ὑπὸ
1700 1849 1878 1899 ΗΕΘ

98 1946 155 1987 20
188 1934 338 1989 ἐστιν
378 1940 492 2004 ἴση,
539 1935 572 2003 ἡ
613 1933 674 1988 δὲ
711 1936 850 2006 πρὸς
888 1943 963 2007 τῷ
1003 1940 1067 1989 Π
1098 1945 1165 2007 τῇ
1203 1936 1312 1990 ὑπὸ
1353 1939 1545 2005 ΑΕΒ,
1584 1937 1782 2005 μείζων
1820 1933 1874 1989 δ’.

184 2023 218 2093 ἡ
256 2025 396 2094 πρὸς
432 2033 508 2097 τῷ
551 2029 599 2077 Ο
636 2032 734 2093 τῆς
770 2025 909 2095 πρὸς
949 2033 1024 2097 τςό
1065 2029 1145 2093 Π,
1185 2027 1382 2095 μείζων
1420 2026 1527 2095 ἄρα
1565 2023 1656 2077 καὶ
1694 2023 1727 2092 ἡ
1767 2024 1875 2078 ὑπὸ

184 2116 361 2166 ΗΕΘ
407 2121 503 2183 τῆς
539 2113 648 2166 ὑπὸ
689 2117 872 2166 ΑΕΒ.
949 2116 1146 2183 μείζων
1193 2115 1300 2186 ἄρα
1338 2116 1641 2184 φανήσεται
1685 2113 1718 2182 ἡ
1758 2115 1878 2166 ΗΘ

183 2210 281 2271 τῆς
334 2206 458 2255 ΑΒ.
553 2212 747 2256 πασῶν
800 2204 906 2274 ἄρα
959 2212 1071 2256 τῶν
1126 2204 1219 2256 διὰ
1272 2210 1372 2256 τοῦ
1429 2207 1474 2255 Ζ
1530 2200 1876 2271 διαγομένων

185 2291 424 2344 εὐθειῶν
476 2290 568 2344 καὶ
613 2302 898 2346 ποιουσῶν
942 2293 1080 2363 πρὸς
1126 2302 1191 2363 τῇ
1237 2297 1343 2346 ΕΖ
1398 2293 1604 2360 γωνίας
1649 2293 1874 2360 μεγίστη

95 2391 151 2431 25
183 2378 284 2450 μὲν
323 2380 632 2450 ὀφθήσεται
678 2380 711 2449 ἡ
753 2383 877 2450 ΓΔ,
933 2380 1185 2450 ἐλαχίστη
1234 2378 1294 2434 δὲ
1341 2380 1374 2448 ἡ
1414 2384 1549 2449 ΑΒ,
1603 2381 1746 2433 διότι
1783 2377 1875 2432 καὶ

183 2478 296 2522 τῶν
348 2471 486 2541 πρὸς
532 2478 607 2542 τῷ
655 2474 708 2523 Ε
758 2468 1174 2539 συνισταμένων
1221 2478 1441 2537 γωνιῶν
1494 2471 1719 2538 μεγίστη
1773 2466 1876 2537 μέν

185 2557 335 2611 ἐστιν
373 2557 406 2626 ἡ
444 2558 553 2611 ὑπὸ
595 2560 787 2628 ΓΕΔ,
835 2557 1087 2627 ἐλαχίστη
1136 2555 1196 2610 δὲ
1234 2556 1267 2625 ἡ
1306 2556 1415 2610 ὑπὸ
1454 2561 1646 2626 ΑΕΒ,
1699 2565 1764 2627 τῇ
1812 2553 1872 2609 δὲ

302 2755 342 2794 3.
390 2750 499 2808 τοῦ]
539 2748 591 2792 τό
630 2763 672 2793 v.
824 2752 866 2792 4.
914 2748 1041 2806 AN]
1089 2750 1191 2791 AH
1223 2746 1273 2790 in
1310 2760 1398 2790 raS.
1432 2746 1486 2791 V.
1642 2747 1716 2804 N]
1757 2745 1872 2802 πρὸς

184 2809 300 2866 αὐτῇ
331 2824 390 2853 m.
490 2809 602 2866 τῶν]
637 2821 724 2854 om.
750 2822 809 2852 m.
933 2810 972 2851 5.
1009 2811 1059 2851 H
1068 2807 1121 2864 Z]
1159 2810 1193 2850 Z
1225 2819 1248 2850 e
1282 2819 1394 2850 corr.
1413 2805 1520 2850 vat.
1622 2809 1673 2849 H
1681 2809 1729 2862 Z,
1759 2805 1869 2863 ZE]
1902 2847 1904 2860 ἐ

184 2870 331 2911 ΕΖΗ
359 2881 383 2911 e
416 2882 528 2912 corr.
562 2883 622 2911 m.
743 2874 835 2911 τῶν
867 2869 980 2921 AN,
1008 2867 1126 2924 ΝΟ]
1159 2865 1312 2910 ΛΝΟ
1341 2880 1400 2909 m.
1531 2862 1705 2909 κείσθω
1742 2892 1795 2897 -
1829 2868 1869 2909 6.
1901 2861 1904 2907 Ι

182 2924 263 2971 καί
287 2928 408 2986 (pr.>]
450 2941 537 2971 om.
571 2942 629 2971 m.
786 2931 824 2971 7.
864 2928 1027 2971 ΛΟΜ
1043 2925 1164 2984 (pr.)]
1205 2927 1367 2970 AEM
1396 2939 1438 2969 v.
1590 2924 1794 2982 τριγώνῳ
1826 2937 1871 2968 v.
1900 2937 1904 2997 Ι

1898 3029 1904 3094 ἐξ

1896 3110 1904 3184 ᾖ
