1904 3184
171 130 244 183 36
743 133 1027 176 EUCLIDIS
1059 134 1290 177 OPTICA.

171 254 452 322 δοκοῦσιν,
491 252 856 306 ὑποκάτωθεν
897 250 949 304 δ’
985 253 1172 316 εὐθεῖς
1211 249 1370 322 εἶναι,
1409 252 1502 307 καὶ
1533 255 1596 307 αἱ
1624 253 1771 308 σκιαὶ
1804 252 1866 308 δὲ

170 350 283 395 τῶν
321 344 529 413 κρίκων
576 341 637 395 έν
683 349 758 414 τῷ
800 341 948 414 αὐτῷ
990 340 1226 415 ἐπιπέδῳ
1266 341 1534 412 κειμένων
1579 352 1654 412 τῷ
1695 347 1867 412 φωτί-

173 434 320 496 ζοντι
359 430 576 485 εὐθεῖαι
614 433 883 498 γίνονται.

887 576 1140 642 Ἄλλως.

111 690 138 730 5
279 681 406 736 Ἐὰν
446 682 506 736 ἐν
544 689 621 755 τῷ
661 681 810 754 αὐτῷ
851 681 1088 754 ἐπιπέδῳ
1129 691 1205 756 τῷ
1246 685 1445 753 ὄμματι
1476 684 1683 737 κύκλου
1715 702 1865 754 περι-

170 770 365 843 φέρεια
406 777 560 841 τεθῇ,
599 771 792 825 εὐθεῖα
831 773 1053 842 γραμμὴ
1092 771 1126 841 ἡ
1165 780 1264 826 τοῦ
1296 774 1504 826 κύκλου
1544 772 1865 843 περιφέρεια

170 862 444 929 φαίνεται.

283 951 420 1003 ἔστω
475 950 684 1005 κύκλου
737 969 888 1022 περι-
977 955 1401 1046 BN

170 1036 364 1110 φέρεια
403 1037 436 1107 ἡ
477 1042 524 1091 Β
538 1041 597 1107 Γ,
642 1039 788 1108 ὄμμα
829 1035 889 1092 δὲ
1081 1053 1131 1236 Z?
1457 1051 1668 1177 ἒ
1806 1099 1850 1143 Δ

83 1135 138 1175 10
170 1130 307 1181 ἔστω
345 1128 407 1181 τὸ
438 1132 494 1180 Δ
526 1126 586 1180 ἐν
623 1135 700 1199 τῷ
739 1127 888 1200 αὐτῷ

169 1214 406 1289 ἐπιπέδῳ
432 1215 499 1270 ὃν
522 1223 587 1287 τῇ
604 1220 651 1270 Β
665 1219 718 1269 Γ
738 1235 889 1287 περι-
993 1222 1044 1270 Γ

170 1307 388 1377 φερείᾳ,
451 1303 549 1374 ἀφ’
599 1302 667 1359 οὗ
719 1320 890 1376 προσ-
1901 1351 1904 1355 ,

167 1392 518 1448 πιπτέτωσαν
564 1395 719 1459 ὄψεις
765 1396 827 1448 αἰ
853 1398 982 1461 ΑΒ,
1022 1398 1075 1446 Δ
1089 1397 1150 1462 Ζ,
1189 1396 1313 1447 ΔΓ.
1400 1394 1632 1463 οὐκοῦν,
1678 1393 1864 1465 ἐπειδὴ

168 1491 283 1536 τῶν
329 1481 629 1560 ὁρωμένων
677 1481 843 1538 οὐδὲν
898 1484 1030 1538 ὅλον
1081 1483 1190 1553 ἅμα
1241 1482 1460 1554 ὁρᾶται,
1514 1483 1706 1537 εὐθεῖα
1760 1485 1904 1555 ἄρα1

84 1581 139 1621 15
173 1569 325 1626 ἐστὶν
363 1571 396 1640 ἡ
438 1575 558 1625 ΒΖ.
636 1572 840 1643 ὁμοίως
885 1573 954 1642 δὴ
1001 1570 1092 1625 καὶ
1138 1572 1171 1641 ἡ
1214 1574 1327 1625 ΖΓ.
1405 1572 1503 1641 ὅλη
1545 1574 1651 1643 ἄρα
1689 1572 1722 1642 ἡ
1763 1575 1875 1627 ΒΓ

169 1659 492 1733 περιφέρεια
532 1661 727 1715 εὐθεῖα
766 1660 929 1726 δόξει.

963 1829 1031 1877 κγ
1058 1851 1068 1862 .

284 1915 544 1984 Σφαίρας
575 1913 1011 1982 ὁπωσδηποτοῦν
1042 1911 1323 1983 ὁρωμένης
1344 1913 1454 1967 ὑπὸ
1481 1911 1603 1977 ἑνὸς
1627 1915 1868 1984 ὄμματος

171 2004 408 2056 ἔλασσον
456 2001 540 2056 ἀεὶ
586 2002 954 2072 ἡμισφαιρίου
993 2004 1274 2071 φαίνεται,
1329 2002 1464 2056 αὐτὸ
1512 2000 1573 2056 δὲ
1618 2004 1680 2057 τὸ
1726 2003 1865 2075 ὁρώ-
1896 2052 1904 2067 ¹.

83 2101 141 2142 20
172 2112 343 2162 μενον
381 2099 476 2161 τῆς
514 2093 756 2162 σφαίρας
794 2089 958 2162 μέρος
995 2092 1203 2144 κύκλου
1242 2090 1563 2163 περιφέρεια
1594 2095 1864 2162 φαίνεται.

282 2183 419 2235 ἔστω
461 2190 688 2251 σφαῖρα,
726 2176 791 2248 ἧς
828 2178 1060 2250 κέντρον
1099 2178 1200 2249 μὲν
1237 2182 1299 2234 τὸ
1339 2186 1409 2250 A,
1448 2182 1594 2251 ὄμμα
1633 2178 1694 2235 δὲ
1727 2184 1863 2236 ἔστω
1883 2165 1898 2238 ζ’

173 2271 235 2324 τὸ
276 2273 340 2323 Β.
417 2268 510 2323 καὶ
549 2269 856 2338 ἐπεζεύχθω
896 2268 930 2338 ἡ
970 2272 1105 2337 ΑΒ,
1144 2268 1236 2322 καὶ
1276 2269 1629 2339 ἐκβεβλήσθω
1669 2271 1730 2324 τὸ
1771 2271 1893 2324 δια

173 2367 270 2428 τῆς
300 2362 405 2412 BA
438 2358 714 2412 ἐπίπεδον.
773 2359 991 2427 ποιήσει
1024 2354 1128 2412 οὖν
1159 2345 1584 2428 τομὴνκύκλον.
1641 2362 1862 2414 ποιείτω
1895 2432 1897 2437 Ι

171 2449 270 2502 τὸν
297 2451 531 2501 ΓΔΘΗ
555 2448 779 2516 κύκλον,
808 2445 900 2500 καὶ
922 2446 1048 2517 περὶ
1081 2447 1377 2518 διάμετρον
1406 2449 1508 2517 τὴν
1532 2452 1641 2501 AB
1665 2449 1865 2514 κύκλος

84 2546 140 2586 25
177 2536 483 2607 γεγράφθω
525 2536 554 2590 ὁ
597 2538 769 2605 ΓΒΔ,
808 2534 901 2589 καὶ
939 2534 1354 2606 ἐπεζεύχθωσαν
1391 2536 1609 2590 εὐθεῖαι
1647 2538 1710 2591 αἱ
1745 2540 1863 2607 ΓΒ,

172 2629 300 2694 ΒΛ,
341 2630 474 2694 ΛΔ,
513 2630 567 2678 Α
578 2628 637 2678 Γ.
729 2623 844 2678 ἐπεὶ
890 2621 994 2679 οὖν
1040 2624 1367 2695 ἡμικύκλιόν
1414 2624 1528 2679 ἐστι
1574 2626 1635 2679 τὸ
1679 2628 1863 2695 ΑΓΒ,

173 2714 318 2784 ὀρθὴ
351 2716 527 2782 γωνία
559 2711 710 2767 ἐστὶν
740 2713 774 2782 ἡ
797 2713 906 2767 ὑπὸ
932 2716 1120 2767 ΑΓΒ·
1153 2714 1355 2784 ὁμοίως
1383 2713 1475 2767 καὶ
1498 2713 1532 2783 ἡ
1556 2714 1664 2768 ὑπὸ
1689 2717 1861 2768 ΒΔΑ.

296 2878 334 2917 1.
369 2875 562 2919 δοκοῦσι
592 2889 634 2918 v.
759 2875 918 2926 εὐθεϊς
970 2877 1097 2926 -θεϊς
1127 2874 1178 2917 in
1207 2888 1297 2919 ras,
1330 2874 1385 2931 V,
1419 2875 1605 2926 εὐσθεῖς
1636 2890 1677 2930 v,
1719 2870 1863 2920 εὐθὲσ
1899 2858 1904 2926 Ι

175 2933 376 2977 Vat.¹m.
511 2938 550 2978 4.
585 2933 749 2992 ἄλλως]
781 2934 853 2978 κε’
938 2933 1215 2992 Vat.v(B?)‚
1255 2933 1401 2985 ἄλλως
1430 2934 1481 2978 τὸ
1515 2933 1628 2979 αὐτό
1660 2934 1859 2979 Vat.¹m.
1897 2946 1904 3014 ι
