1904 3184
143 136 251 188 308
800 138 1188 180 CATOPTRICA.

142 266 262 319 ταῖς
301 258 433 325 ΣΓ,
468 259 578 309 ΓΦ
626 261 740 309 ἴσαι
779 254 922 309 εἰσὶν
968 254 1195 327 ἑκατέρα
1235 254 1482 328 ἑκατέρᾳ,
1529 254 1621 309 καὶ
1659 259 1835 325 γωνία

143 344 177 413 ἡ
224 345 333 398 ὑπὸ
380 347 551 398 ΒΡΦ
600 343 746 415 ὀρθὴ
794 341 934 399 οὖσα
983 348 1159 418 γωνία
1204 354 1269 416 τῇ
1317 345 1425 398 ὑπὸ
1467 348 1643 398 ΣΓΦ
1692 345 1839 416 ὀρθῇ

146 434 284 504 οὔσῃ
344 439 432 502 ἴση
490 433 666 502 ἐστίν,
717 431 809 486 καὶ
864 435 926 487 αἱ
969 432 1157 488 λοιπαὶ
1203 436 1401 502 γωνίαι
1454 443 1573 497 ταῖς
1622 438 1839 497 λοιπαῖς

146 525 375 590 γωνίαις
423 527 539 576 ἴσαι
589 525 832 591 ἔσονται,
885 521 987 592 ὑφ’
1031 522 1096 586 ἃς
1150 524 1212 576 αἱ
1264 528 1378 576 ἴσαι
1425 521 1658 593 πλευραὶ
1704 523 1838 576 ὑπο-

85 621 112 660 5
146 615 450 680 τείνουσιν,
489 610 523 680 ἡ
563 608 665 681 μὲν
702 613 840 682 πρὸς
877 620 953 684 τῷ
994 615 1041 664 Β
1081 615 1256 679 γωνία
1294 619 1360 682 τῇ
1397 613 1537 683 πρὸς
1574 620 1649 685 τῷ
1690 616 1767 680 Σ,
1806 612 1840 681 ἡ

147 697 208 753 δὲ
247 699 299 760 Ξ
341 703 517 768 γωνία
562 708 628 771 τῇ
678 704 734 754 Τ.
811 699 932 754 ἀλλ’
968 700 1001 769 ἡ
1054 704 1104 753 Τ
1141 708 1206 771 τῇ
1247 705 1311 754 Ν
1351 700 1502 754 ἐστιν
1542 706 1654 770 ἴση’
1705 701 1843 753 κατὰ

145 791 403 860 κορυφὴν
450 789 579 860 γάρ·
635 791 773 843 ὥστε
822 795 911 859 ἴση
963 788 1078 843 ἐστὶ
1127 788 1219 843 καὶ
1265 789 1298 858 ἡ
1346 794 1411 843 Ν
1449 793 1623 858 γωνία
1669 799 1734 860 τῇ
1773 789 1842 850 «Ξ.

147 879 181 948 ἡ
236 880 344 949 ἄρα
390 878 500 938 ΒΞ
549 880 675 943 ὄψις
730 878 1214 946 ἀνακλασθήσεται
1266 877 1353 931 ἐπὶ
1399 879 1461 932 τὸ
1507 882 1585 932 Μ
1676 879 1844 932 πάλιν

149 966 264 1021 ἐπεὶ
305 973 395 1036 ἴση
436 966 587 1021 ἐστὶν
634 966 665 1035 ἡ
710 970 823 1020 ΘΚ
863 975 928 1038 τῇ
968 970 1107 1036 ΚΛ,
1154 966 1246 1020 καὶ
1294 966 1463 1038 ὀρθαὶ
1511 965 1571 1021 δὲ
1611 969 1673 1021 αἱ
1707 969 1846 1038 πρὸς

61 1066 116 1106 10
149 1064 224 1128 τῷ
266 1059 337 1126 Κ,
379 1061 468 1125 ἴση
510 1054 660 1110 ἐστὶν
698 1057 731 1125 ἡ
773 1060 820 1109 Ο
859 1059 1035 1124 γωνία
1076 1064 1142 1127 τῇ
1183 1060 1253 1109 Π.
1327 1056 1626 1110 ἀνακλᾶται
1666 1058 1771 1126 ἄρα
1809 1055 1843 1124 ἡ

150 1146 289 1216 αὐτὴ
337 1147 464 1210 ὄψις
512 1146 546 1215 ἡ
587 1144 773 1206 ΒΞΜ
810 1143 898 1199 ἐπὶ
944 1146 1005 1199 τὸ
1053 1149 1110 1198 Ρ.
1200 1146 1294 1198 διὰ
1338 1147 1405 1198 τὰ
1451 1146 1591 1199 αὐτὰ
1638 1146 1706 1214 δὴ
1752 1143 1844 1198 καὶ
1897 1168 1904 1211 3

152 1233 240 1288 ἐπὶ
279 1235 340 1288 τὸ
373 1239 428 1287 Α
468 1235 561 1287 διὰ
601 1235 661 1288 τὸ
706 1239 830 1303 ἴσην
870 1229 1012 1287 εἶναι
1053 1235 1158 1303 τὴν
1195 1234 1304 1287 ὑπὸ
1339 1238 1492 1287 ΖΡΑ
1530 1238 1740 1303 γωνίαν
1778 1241 1842 1304 τῇ
1900 1245 1904 1249 ’

147 1323 256 1377 ὑπὸ
296 1327 484 1376 ΕΡΜ
515 1323 718 1393 ὁμοίως
755 1333 875 1385 ταῖς
914 1327 1131 1385 λοιπαῖς
1169 1321 1529 1387 ἀποδείξεσιν.
1595 1322 1700 1395 ὁρᾷ
1738 1325 1844 1393 ἄρα
1895 1315 1904 1406 Ξ

148 1412 182 1481 ἡ
222 1411 329 1465 ἀπὸ
369 1419 469 1464 τοῦ
510 1415 558 1464 Β
606 1410 848 1481 ὄμματος
887 1410 1015 1475 ὄψις
1054 1413 1115 1465 τὸ
1156 1416 1209 1464 Α
1258 1412 1351 1465 διὰ
1398 1421 1510 1465 τῶν
1548 1422 1718 1482 τριῶν
1758 1412 1843 1465 ἐν-

65 1510 119 1550 15
152 1504 372 1572 όπτρων
411 1499 591 1554 ὄντων
632 1499 905 1554 ἐπιπέδων
943 1510 1054 1554 τῶν
1098 1503 1216 1569 ΓΔ,
1248 1505 1384 1570 ΔΕ,
1416 1505 1534 1554 ΕΖ.

948 1694 1004 1746 ιδ
1015 1691 1042 1747 '.

246 1797 402 1851 ’Ἐστι
451 1795 511 1850 δὲ
563 1799 679 1865 καί,
734 1795 808 1849 δι’
853 1797 1000 1850 ὅσων
1051 1789 1122 1850 ἄν
1170 1816 1254 1860 τις
1300 1796 1520 1867 ἐπιτάξῃ
1562 1797 1844 1867 ἐνόπτρων
1892 1808 1904 1842 Β

153 1886 442 1955 ἐπιπέδων,
479 1887 619 1939 ἰδεῖν
649 1887 711 1939 τὸ
744 1886 899 1939 αὐτό·
940 1886 1029 1938 δεῖ
1063 1884 1123 1938 δὲ
1157 1887 1294 1939 κατὰ
1329 1887 1426 1939 τὸν
1459 1885 1703 1957 ἀριθμὸν
1733 1897 1844 1940 τῶν

154 1975 436 2046 ἐνόπτρων
498 1976 829 2042 πολύγωνον
892 1976 1225 2046 ἰσόπλευρόν
1278 1994 1333 2028 τε
1395 1973 1486 2028 καὶ
1550 1977 1844 2044 ἰσογώνιον
1899 1971 1904 2017 Ᾰ

62 2074 121 2113 20
154 2067 525 2118 συνίστασθαι
561 2062 690 2116 δυσὶ
722 2066 946 2127 πλείους
978 2066 1107 2133 ἔχον
1136 2064 1376 2131 πλευρὰς
1407 2073 1518 2117 τῶν
1550 2063 1843 2135 ἐνόπτρων.
1879 2013 1904 2139 ξ

266 2155 402 2206 ἔστω
441 2152 565 2223 γάρ,
605 2151 634 2205 ὃ
666 2150 766 2222 μὲν
798 2153 1048 2222 ὀφθῆναι
1082 2153 1181 2221 δεῖ,
1221 2153 1282 2205 τὸ
1314 2157 1384 2221 Α,
1424 2151 1569 2222 ὄμμα
1602 2150 1662 2206 δὲ
1693 2154 1754 2206 τὸ
1780 2157 1844 2222 Β,
1876 2138 1904 2255 Ξ,

153 2241 245 2295 καὶ
286 2241 592 2311 ἐπεζεύχθω
633 2241 666 2310 ἡ
706 2246 759 2293 Α
770 2245 834 2310 Β,
873 2239 964 2294 καὶ
1005 2241 1110 2294 ἀπὸ
1149 2249 1246 2310 τῆς
1284 2245 1337 2293 Α
1347 2245 1393 2293 Β
1433 2240 1842 2312 ἀναγεγράφθω
1893 2250 1898 2260 ’

154 2332 484 2399 πολύγωνον
526 2332 856 2400 ἰσόπλευρόν
894 2349 951 2383 τε
998 2328 1089 2383 καὶ
1131 2331 1425 2398 ἰσογώνιον
1464 2330 1566 2383 δύο
1606 2331 1845 2401 πλευρὰς
1871 2331 1886 2404 ,ἶ

277 2526 315 2565 1.
351 2524 454 2577 ΣΓ,
492 2521 598 2578 ΓΦ]
643 2523 754 2576 ΓΣ,
788 2523 879 2564 ΣΦ
917 2521 978 2564 Μ.
1132 2521 1246 2579 ΓΦ]
1283 2522 1374 2569 ΓΞ
1400 2535 1459 2564 m.
1612 2525 1652 2564 2.
1687 2521 1842 2578 ΒΓΦ]

116 2571 134 2595 “
158 2583 300 2629 Bm:
327 2596 386 2624 m.
543 2579 668 2636 ὀρθή
701 2583 748 2623 et
780 2580 924 2638 ὀρθῇ]
965 2581 1074 2623 ante
1105 2582 1144 2623 θ
1175 2594 1263 2624 ras.
1299 2585 1321 2623 1
1355 2579 1447 2623 litt.
1481 2579 1535 2623 V.
1682 2580 1842 2638 ΣΓΦ]

158 2643 206 2685 Σ
214 2642 307 2688 ΓΞ
332 2655 392 2683 m.
547 2643 588 2683 3.
629 2637 723 2683 ἐστί
753 2639 871 2684 Mm.
1003 2637 1188 2697 γωνίαι]
1221 2636 1411 2696 γωνίαις
1443 2639 1502 2682 Μ.
1656 2645 1697 2682 4.
1729 2639 1844 2682 ’ὑπο-

157 2697 364 2745 τίνουσιν
396 2699 450 2742 V.
562 2703 600 2743 5.
634 2702 696 2758 τῷ
714 2699 835 2756 (pr.)]
869 2712 981 2743 corr.
1009 2712 1065 2741 ex
1088 2698 1139 2742 τό
1164 2714 1224 2754 m,
1256 2698 1308 2742 τό
1331 2713 1373 2742 v.
1471 2701 1534 2756 τῷ
1553 2697 1691 2755 (alt.)]
1725 2698 1776 2742 τό
1801 2713 1842 2742 v.

219 2765 258 2804 6.
301 2760 367 2817 Ξ]
413 2761 451 2801 Φ
481 2773 541 2802 m.
700 2757 877 2814 T(a1t.)
910 2784 964 2789 —
1000 2757 1094 2816 ἴση]
1141 2762 1183 2801 Τ
1208 2755 1353 2814 γωνία
1384 2764 1439 2815 τῇ
1474 2759 1526 2800 Ν
1554 2756 1626 2814 ἴση
1661 2755 1753 2800 ἐστι’
1783 2772 1842 2801 m.
1882 2771 1883 2774 ’

221 2824 258 2862 7.
294 2815 416 2861 ἐστίν
448 2817 540 2861 Vv.
656 2817 724 2875 Ξ]
761 2820 799 2860 Φ
830 2832 888 2861 m.
1014 2822 1051 2861 9.
1086 2815 1166 2873 δέ]
1201 2831 1287 2860 om.
1320 2831 1379 2859 m.
1504 2821 1571 2860 10.
1604 2817 1685 2875 τῷ]
1717 2815 1768 2860 τό
1801 2831 1843 2860 v.

219 2878 289 2934 K]
324 2881 370 2920 K
398 2875 564 2933 γωνίαι
594 2891 653 2922 m.
778 2881 846 2920 11.
882 2877 1057 2934 ΒΞΜ]
1092 2878 1184 2925 ΒΞ
1210 2876 1271 2919 Μ.
1397 2880 1463 2919 14.
1500 2876 1554 2934 B]
1587 2889 1611 2919 e
1645 2889 1756 2920 corr.
1783 2890 1842 2919 m.
1878 2879 1881 2891 “

218 2937 377 2994 τριῶν]
410 2941 438 2992 γ
469 2936 529 2981 M.
656 2940 724 2980 16.
759 2935 845 2993 ιδ’]
878 2935 958 2979 κα’
984 2935 1076 2980 Vv.
1202 2940 1269 2980 17.
1306 2933 1426 2979 ἔστιν
1456 2935 1511 2978 V.
1632 2933 1842 2993 ἐπιτάξῃ]
1875 2935 1879 2959 ’
