1904 3184
513 120 776 163 scnomA
803 120 871 163 m
901 119 1288 164 CATOPTRICA.
1632 119 1737 173 351

53 240 114 295 ἐκ
159 247 258 293 τοῦ
305 238 366 293 ἐν
403 247 479 312 τῷ
519 237 576 308 γ’
607 239 940 293 Εὐκλείδου·
993 239 1054 294 ἐν
1099 240 1283 313 κύκλῳ
1331 240 1364 309 ἡ
1410 236 1511 310 μὲν
1557 239 1616 294 ἐν
1665 248 1742 314 τῷ

49 329 357 400 ἡμικυκλίῳ
396 326 489 382 καὶ
527 329 595 381 τὰ
633 327 755 398 ἑξῆς
794 327 915 399 [ΙΠ,
956 328 1067 398 31].

168 441 250 493 14.
308 442 419 492 Τοῦ
450 439 557 510 γὰρ
587 442 835 509 μείζονος
866 442 1141 510 τμήματος
1164 440 1198 510 ἡ
1223 444 1411 510 γωνία.
1459 439 1551 494 καὶ
1573 441 1742 495 πάλιν

52 528 151 583 ἐὰν
195 529 298 598 τὴν
344 527 452 582 ἀπὸ
500 535 601 582 τοῦ
647 527 880 598 κέντρου
928 529 1286 599 ἐπιζεύξωμεν
1332 529 1420 584 ἐπὶ
1466 531 1532 583 τὰ
1573 533 1640 600 Γ,
1672 535 1742 600 Α,

95 619 187 671 τὰ
225 618 292 670 τὰ
331 617 472 671 αὐτὰ
509 620 675 671 ἔσται.
1803 627 1830 668 5

167 730 253 784 15.
308 729 389 782 Ac
422 729 530 799 ἄρα
570 732 641 798 Ζ,
673 732 740 781 H
776 749 826 799 p.
860 730 991 799 296,
1029 729 1088 800 5]
1107 727 1147 802 ¹)
1196 730 1292 784 ἐὰν
1337 731 1443 802 γὰρ
1491 730 1596 784 ἀπὸ
1642 734 1742 784 τοῦ

47 850 61 866 -r
103 817 285 888 ’ντρου
334 811 423 871 ἐπὶ
468 818 531 871 τὸ
577 823 631 871 A
680 817 774 871 καὶ
822 821 876 871 Γ
922 817 1302 889 ἐπιζεύξωμεν,
1355 821 1418 872 αἱ
1459 821 1744 889 γινόμεναι

51 939 73 950 w
94 908 192 979 ρὸς
229 914 305 979 τῷ
345 911 399 960 A
435 917 550 960 τῶν
587 906 929 977 ἡμικυκλίων
969 908 1071 960 δύο
1111 911 1326 977 γωνίαι,
1364 907 1648 962 τουτέστιν
1687 909 1749 961 αἱ

52 1019 65 1054 ρ.
134 997 244 1067 ἅμα
283 997 346 1049 αἱ
379 999 461 1065 Η,
494 999 570 1064 Λ,
607 1000 678 1065 Ζ,
724 1006 844 1059 ταῖς
883 994 1198 1066 γινομέναις
1241 997 1380 1067 πρὸς
1426 1004 1500 1068 τῷ
1542 999 1596 1050 Γ
1631 1005 1744 1050 τῶν

57 1088 396 1157 -έμικυκλίων
443 1085 546 1138 δύο
594 1088 847 1154 γωνίαις,
901 1084 1186 1139 τουτέστιν
1239 1095 1359 1148 ταῖς
1403 1083 1587 1157 τρισὶν
1632 1086 1742 1156 ἅμα
1775 1095 1831 1136 10

81 1184 172 1239 αῖς
193 1177 263 1243 K,
287 1178 370 1243 M,
398 1178 463 1243 Θ,
496 1180 611 1228 ἶσαι
642 1177 806 1228 εἰσίν·
847 1171 927 1229 ὧν
958 1176 1020 1228 αἱ
1043 1178 1118 1244 Η,
1146 1179 1190 1228 Ζ
1222 1178 1462 1245 μείζονες
1494 1175 1744 1245 ἐδείχθη-

68 1283 159 1318 αν
192 1273 306 1317 τῶν
336 1266 406 1333 Κ,
434 1267 503 1317 Θ·
543 1265 706 1334 λοιπὴ
747 1266 852 1335 ἄρα
890 1263 924 1332 ἡ
956 1268 1007 1317 A
1047 1269 1240 1333 λοιπῆς
1273 1272 1370 1333 τῆς
1400 1268 1474 1318 Μ
1505 1264 1745 1319 ἐλάττων

72 1355 227 1406 τίν·
267 1353 408 1406 ὅπου
447 1354 552 1424 γὰρ
593 1355 654 1408 τὸ
693 1357 900 1424 μεῖζον,
941 1354 1055 1408 ἐκεῖ
1089 1355 1150 1407 τὸ
1191 1357 1431 1407 ἔλαττον.

165 1473 248 1527 16.
296 1470 375 1526 ‘H
398 1470 460 1526 δὲ
491 1477 555 1527 Π
579 1481 675 1543 τῆς
709 1478 757 1527 0
793 1493 845 1544 p.
877 1474 1002 1544 298,
1035 1475 1090 1540 7]
1126 1473 1222 1526 ἐὰν
1255 1471 1613 1543 ἐπιζεύξωμεν
1635 1471 1742 1527 ἀπὸ
1848 1536 1850 1538 v

125 1568 149 1579 ”
191 1560 424 1633 κέντρου
465 1560 553 1616 ἐπὶ
591 1563 658 1615 τὰ
698 1567 774 1631 Α,
809 1565 877 1632 Γ,
929 1562 1003 1626 ὡς
1043 1562 1103 1616 ἐν
1141 1570 1216 1635 τςό
1257 1564 1458 1634 σχολίςο
1498 1569 1597 1614 τοῦ
1635 1562 1742 1632 πρὸ
1776 1567 1832 1610 15

156 1657 225 1704 οῦ
264 1649 401 1721 [15].

166 1755 251 1808 17.
310 1756 567 1823 Φανερὸν
606 1754 673 1808 δέ
706 1776 757 1826 p.
798 1757 922 1826 298,
965 1755 1058 1825 13]
1108 1754 1220 1808 ἐπεὶ
1259 1755 1365 1826 γὰρ
1416 1759 1537 1823 ἴσης
1575 1755 1745 1823 οὔσης

5 1879 8 1911 2
82 1860 150 1907 ῖς
186 1849 240 1897 A
252 1847 300 1897 Θ
337 1852 403 1915 τῇ
446 1847 557 1897 ΓΚ
593 1850 682 1914 ἴση
723 1844 948 1915 ἐδείχθη
987 1842 1079 1898 καὶ
1118 1843 1150 1913 ἡ
1191 1848 1253 1897 Π
1286 1852 1351 1915 τῇ
1394 1848 1457 1912 Ο,
1499 1845 1746 1914 μείζονος

7 1952 9 1959 ’
87 1926 117 1987 ὲ
145 1933 315 2002 οὔσης
344 1941 441 2002 τῆς
464 1937 580 1987 ΑΘ
609 1941 705 2003 τῆς
730 1936 843 1987 ΓΚ
877 1933 1124 1987 ἐλάσσων
1157 1933 1382 2003 ἐδείχθη
1413 1931 1446 2001 ἡ
1474 1937 1521 1986 Ο
1552 1939 1647 2002 τῆς
1670 1935 1744 2001 Π,

91 2013 95 2019 ³
186 2020 221 2091 ἡ
260 2023 578 2092 σύμπτωσις
617 2021 705 2077 ἐπὶ
736 2030 833 2093 τῆς
861 2025 1212 2095 περιφερείας
1242 2020 1464 2090 γένηται
1503 2021 1577 2084 ὡς
1607 2020 1743 2074 κατὰ
1774 2023 1832 2071 20

10 2100 11 2114 ἢ
87 2115 104 2155 ’“·
153 2114 225 2180 Σ,
265 2116 356 2181 ἴση
396 2114 547 2166 ἔσται
587 2112 620 2181 ἡ
664 2116 775 2166 ΣΘ
813 2120 878 2183 τῇ
920 2115 1039 2165 ΣΚ
1072 2110 1106 2181 ἢ
1147 2111 1385 2165 ἐλάττων
1425 2108 1458 2178 ἡ
1500 2112 1611 2162 ΣΘ
1649 2115 1744 2178 τῆς

130 2394 187 2438 ²9
190 2332 410 2437 61)7Ηι;ιο
464 2332 663 2378 refertur
708 2332 759 2376 in
804 2331 907 2389 Vq,
971 2331 1054 2376 sed
1098 2329 1305 2388 pertinet
1359 2328 1420 2374 ad
1465 2327 1602 2387 λοιπὴ
1650 2327 1742 2384 ἄρα

219 2428 231 2450 2
295 2427 305 2437 ·
1510 2436 1513 2438 ,

172 2603 241 2646 14.
274 2599 427 2659 v(q¹).
551 2604 621 2646 15.
654 2600 791 2658 v(q).
917 2603 984 2644 16.
1019 2598 1171 2655 v(q¹).
1297 2601 1364 2641 17.
1398 2595 1526 2653 vm).

174 2809 216 2853 1.
245 2807 297 2868 ἡ]
329 2821 443 2853 corr.
476 2822 534 2854 ex
566 2808 608 2854 εἰ
637 2824 696 2853 m.
731 2813 757 2852 2
789 2807 843 2852 V.
953 2805 1004 2852 ἐν
1029 2804 1188 2864 (tert.)]
1221 2811 1243 2849 ἒ
1274 2803 1328 2848 V.
1452 2808 1492 2848 3.
1510 2800 1743 2907 ἕείζωνος

243 2871 286 2913 4.
317 2865 532 2928 κέντρου]
573 2883 614 2913 ιε
644 2867 700 2925 V,
749 2873 802 2913 e?
840 2881 901 2911 m.
934 2870 974 2911 2.
1129 2869 1168 2910 7.
1210 2862 1479 2922 γεινόμεναι
1556 2898 1564 2908 .
1700 2868 1740 2908 9.

146 2929 185 2971 A
213 2925 269 2972 V.
392 2925 685 2986 γεινομέναις
715 2926 770 2971 V.
