1904 3184
195 95 303 148 336
851 96 1236 140 CATOPTRICA.

196 217 352 269 εἰσιν.
444 217 505 270 τὸ
560 218 666 287 ἄρα
720 216 954 269 εἴδωλον
1007 219 1263 285 φαίνεται
1317 219 1500 285 μεῖζον
1552 215 1645 270 καὶ
1698 220 1880 287 μεῖζον

194 310 396 381 ἀπέχον
434 320 534 365 τοῦ
574 311 864 383 ἐνόπτρου·
903 314 1101 382 μείζων
1138 312 1243 382 γὰρ
1283 311 1316 380 ἡ
1356 316 1484 365 MA
1521 320 1617 382 τῆς
1655 319 1708 366 A
1718 317 1783 367 A.

307 503 404 557 ἐὰν
436 501 495 556 δὲ
529 502 628 568 ἔξω
661 512 757 573 τῆς
789 501 1085 575 διαμέτρου
1115 509 1252 575 τεθῇ
1284 505 1351 557 τὰ
1374 503 1606 574 ὄμματα,
1638 507 1704 559 τὰ
1733 505 1883 571 δεξιὰ

198 604 454 670 φαίνεται
492 599 643 665 δεξιὰ
680 599 772 654 καὶ
811 601 878 654 τὰ
917 601 1176 672 ἀριστερὰ
1217 601 1475 672 ἀριστερὰ
1512 599 1604 654 καὶ
1635 605 1696 658 τὸ
1729 607 1885 661 εἴδωω

141 710 167 748 5
199 701 299 750 λον
338 699 571 750 ἔλασσον
608 704 707 750 τοῦ
746 698 1046 768 προσώπου
1092 696 1183 750 καὶ
1224 697 1283 751 έν
1321 706 1397 770 τῷ
1437 697 1542 751 ἀνὰ
1581 695 1749 767 μέσον
1787 703 1886 749 τοῦ

195 794 494 865 προσώπου
533 791 624 845 καὶ
663 800 762 846 τοῦ
802 793 1087 864 ἐνόπτρου.

308 907 444 958 ἔστω
492 905 597 975 γὰρ
646 902 859 973 ὄμματα
896 905 963 957 τὰ
1002 907 1049 956 Β
1060 945 1075 973 ,
1109 907 1176 972 Γ,
1222 903 1454 975 κέντρον
1493 902 1554 958 δὲ
1592 906 1653 958 τὸ
1697 909 1740 958 Ζ
1787 913 1886 958 τοῦ

198 1000 485 1072 ἐνόπτρου,
524 999 615 1054 καὶ
655 1008 720 1070 τῇ
761 998 1033 1073 διαμέτρῳ
1073 1002 1211 1071 πρὸς
1246 1000 1423 1072 ὀρθὰς
1462 1003 1597 1055 ἔστω
1630 1002 1663 1071 ἡ
1696 1006 1887 1071 ΑΖΔ,

197 1096 290 1151 καὶ
334 1099 504 1168 ταύτῃ
551 1099 689 1168 πρὸς
728 1096 905 1168 ὀρθὰς
949 1096 982 1166 ἡ
1025 1100 1151 1166 ΒΓ,
1205 1096 1297 1150 καὶ
1346 1102 1434 1167 ἴση
1482 1107 1546 1169 τῇ
1593 1101 1697 1151 ΒΑ
1751 1101 1886 1152 ἔστω

112 1205 167 1245 10
199 1193 232 1263 ἡ
272 1197 398 1263 ΑΓ,
444 1193 535 1247 καὶ
575 1191 703 1258 ὄψις
740 1193 773 1262 ἡ
814 1197 917 1247 ΒΔ
955 1193 1312 1264 ἀνακλωμένη
1354 1193 1440 1248 ἐπὶ
1479 1195 1540 1247 τὸ
1583 1198 1636 1248 Γ
1665 1193 1756 1248 καὶ
1795 1195 1889 1248 διὰ

198 1298 298 1344 τοῦ
336 1290 569 1363 κέντρου
601 1292 663 1344 αἶ
690 1294 874 1360 ΒΖΚ,
907 1294 1090 1359 ΓΖΕ,
1129 1290 1220 1344 καὶ
1252 1290 1357 1345 ἀπὸ
1390 1301 1501 1344 τῶν
1532 1296 1597 1360 E,
1623 1295 1679 1344 K
1712 1291 1745 1359 ἡ
1780 1294 1895 1344 ΚΕ

199 1387 522 1458 ἐπεζεύχθω.
599 1387 807 1441 οὐκοῦν
844 1389 905 1441 τὸ
944 1386 1046 1457 μὲν
1080 1391 1127 1440 Β
1169 1386 1256 1441 ἐπὶ
1294 1396 1394 1442 τοῦ
1427 1391 1485 1440 Κ
1519 1391 1787 1458 φαίνεται,
1826 1388 1888 1441 τὸ

199 1481 259 1538 δὲ
300 1487 354 1538 Γ
387 1483 474 1538 ἐπὶ
513 1492 612 1538 τοῦ
652 1489 714 1537 Ε.
777 1485 843 1538 τὰ
875 1486 981 1554 ἄρα
1021 1483 1170 1548 δεξιὰ
1209 1483 1358 1550 δεξιὰ
1397 1483 1487 1538 καὶ
1527 1485 1592 1538 τὰ
1631 1483 1889 1554 ἀριστερὰ

201 1581 460 1653 ἀριστερὰ
491 1584 745 1651 φαίνεται
778 1579 867 1634 καὶ
900 1582 961 1635 τὸ
994 1584 1110 1634 ΕΚ
1136 1582 1367 1635 εἴδωλον
1399 1585 1632 1635 ἔλασσον
1661 1589 1760 1634 τοῦ
1785 1582 1899 1634 ΒΓ

111 1690 166 1730 15
198 1679 521 1749 προσώπου·
567 1677 916 1748 παράλληλος
953 1677 1058 1747 γάρ
1100 1675 1247 1729 ἐστιν
1286 1677 1319 1746 ἡ
1359 1680 1474 1730 ΕΚ
1514 1686 1578 1748 τῇ
1618 1681 1750 1731 ΒΓ·
1798 1679 1891 1731 καὶ

199 1773 304 1827 ἀνὰ
343 1773 511 1843 μέσον
557 1781 656 1826 τοῦ
696 1771 964 1843 ἐνόπτρου
1011 1770 1102 1825 καὶ
1149 1780 1247 1826 τοῦ
1286 1774 1584 1844 προσώπου
1633 1776 1889 1844 φαίνεται

196 1871 257 1924 τὸ
298 1871 544 1923 εἴδωλον.

309 1980 653 2051 ἀναγομένου
694 1977 755 2033 δὲ
786 1988 886 2033 τοῦ
917 1981 1216 2051 προσώπου
1257 1983 1336 2034 ἔτι
1369 1983 1600 2035 ἔλασσον
1633 1984 1904 2051 φαίνεταιε

200 2080 261 2132 τὸ
302 2079 550 2132 εἴδωλον.
617 2080 753 2131 ἔστω
793 2078 899 2149 γὰρ
938 2079 999 2132 τὸ
1032 2082 1171 2131 ΜΝ
1202 2080 1500 2150 πρόσωπον
1538 2078 1600 2131 τὸ
1641 2078 1775 2131 αὐτὸ
1813 2083 1904 2150 τῷζ

111 2187 168 2227 20
201 2178 314 2228 ΒΓ
344 2174 650 2245 ἀφεστηκὸς
687 2174 793 2228 ἀπὸ
833 2182 932 2227 τοῦ
974 2177 1087 2228 ΒΓ
1116 2177 1368 2244 κείμενον
1407 2174 1621 2244 ὁμοίως.
1683 2174 1904 2250 οὐκοῦνΙ

320 2431 360 2471 1.
398 2426 485 2470 εἰσι
514 2426 631 2470 Mm.
784 2430 823 2469 2.
865 2427 1020 2481 μεῖζον
1053 2440 1094 2468 v.
1248 2429 1289 2470 3.
1321 2424 1365 2467 λ’
1392 2439 1459 2480 m,
1499 2423 1574 2481 λη’
1602 2423 1694 2467 Vv.
1846 2427 1888 2468 4.

201 2484 332 2539 δεξιὰ
378 2483 599 2541 φαίνεται
649 2499 708 2528 m.
870 2490 908 2528 5.
960 2483 1147 2529 ἔλαττον
1197 2483 1258 2528 Μ.
1411 2480 1580 2541 μέσον]
1630 2480 1749 2539 μέσω
1796 2482 1895 2528 Vv:

262 2549 299 2588 7.
347 2552 429 2589 τοῦ
471 2543 699 2599 ἐνόπτρου
738 2543 788 2588 τὸ
827 2547 862 2587 Ζ
898 2559 958 2588 m.
1120 2548 1159 2588 8.
1208 2546 1350 2587 ΑΖΔ
1419 2547 1508 2586 ΑΛ
1545 2542 1600 2598 V,
1650 2529 1732 2586 sed
1774 2555 1888 2587 corr.

199 2619 259 2648 m.
295 2608 334 2647 1.
484 2608 523 2648 9.
563 2611 618 2662 τῇ
652 2607 732 2647 ΒΑ
773 2601 846 2659 ἴση
886 2618 946 2647 m.
1100 2608 1168 2648 11.
1210 2606 1348 2647 ΒΖΚ
1412 2604 1548 2646 ΒΖΕ
1585 2601 1646 2646 Μ.
1795 2597 1891 2646 ἀπό

199 2689 256 2695 -
288 2663 409 2721 ΚΕ]
459 2677 547 2708 om.
580 2678 640 2708 m.
793 2661 1055 2720 ἐπεζεύχθω
1094 2663 1123 2719 ἡ
1159 2665 1256 2706 ΕΚ
1297 2677 1357 2706 m.
1511 2665 1579 2704 12.
1629 2661 1693 2720 Β]
1745 2664 1788 2704 Γ
1827 2675 1888 2705 m.

257 2723 360 2781 τοῦ]
393 2735 506 2767 corn
541 2735 597 2766 ex
627 2721 678 2765 τό
709 2721 771 2765 Μ.
921 2723 989 2780 Κ]
1024 2725 1064 2765 Ε
1095 2722 1156 2766 M.
1304 2725 1372 2765 13.
1408 2720 1476 2779 Γ]
1512 2724 1547 2763 Β
1577 2735 1637 2765 m.
1781 2717 1891 2779 καί]

202 2780 420 2837 φαίνεται
466 2780 547 2826 καί
591 2797 651 2825 m.
846 2784 914 2824 14.
972 2779 1218 2839 φαίνεται]
1265 2794 1352 2824 om.
1393 2795 1452 2824 m.
1645 2783 1712 2824 18.
1764 2778 1891 2823 ἔλατ-

200 2857 281 2885 τον
295 2840 374 2943 1M.
499 2846 568 2885 20.
604 2843 696 2884 ΒΓ
713 2840 851 2898 (alt.)]
886 2844 978 2884 ΒΓ
1002 2838 1083 2885 καί
1113 2856 1172 2885 m.
1282 2839 1474 2897 οὐκοῦν]
1509 2838 1652 2884 ὀκοῦν
1684 2837 1741 2895 V,
1774 2851 1879 2883 corr

201 2914 259 2943 m.
325 2936 333 2944 .
