1904 3184
20 0 57 150 ξ
363 85 716 128 OPTICORUM
746 86 1044 130 RECENSIO
1077 88 1354 132 THEONIS.
1596 87 1703 140 241

817 251 903 304 52.

8 375 51 455 3
125 353 461 425 MagnitudO,
501 371 636 422 quae
669 353 923 424 cernitur,
962 354 1119 408 001110
1158 354 1206 408 ei
1239 355 1705 426 adpropinquante

8 461 43 517 ss'·
64 447 177 497 ota
215 461 332 496 esse
374 442 657 495 uidebitur.

30 542 51 581 z,
129 532 284 586 oculo
325 532 469 585 enim
506 532 566 584 in
599 535 646 585 Z
681 532 863 601 posito
901 536 1151 586 cernatur
1181 535 1296 586 ΒΓ
1325 552 1358 586 a
1387 533 1552 587 radiis
1590 537 1706 605 ZB,

10 613 136 692 ΖΓ,
174 625 230 674 et
262 621 450 675 oculus
482 621 913 691 magnitudinem
937 624 1051 674 ΒΓ
1071 621 1295 692 propius
1320 626 1707 693 transponatur

16 707 194 780 tqw
232 710 292 762 in
328 715 405 781 A,
450 714 505 763 et
544 710 730 763 eadem
775 711 1095 782 magnitudo
1142 731 1173 764 a
1218 712 1382 765 radiis
1421 716 1532 766 AB
1542 755 1557 783 ,
1594 704 1650 766 Δ
1661 715 1715 766 Γ

30 803 281 853 ·rnatur.
363 799 548 868 itaque
595 804 630 861 L
655 804 710 852 A
733 809 790 861 >
820 804 877 852 Z.
964 818 1098 869 quae
1147 804 1329 854 autem
1376 802 1443 854 ab
1492 801 1706 872 angulis

10 916 57 938 ,.ι
83 888 313 942 'oribus
346 892 653 959 cernuntur,
684 889 891 942 maiora
923 890 1198 958 adparent.
1254 908 1384 961 ergo
1409 893 1524 944 ΒΓ
1548 891 1704 945 oculo

9 975 60 1024 i..
112 983 167 1031 A
204 977 384 1048 posito
424 976 598 1030 maior
638 995 754 1030 esse
795 977 1072 1031 uidebitur
1112 996 1274 1048 quam
1311 979 1370 1031 in
1412 983 1471 1033 Z.

817 1185 903 1239 53.

32 1262 63 1317 ἦ
126 1289 567 1361 Magnitudinum
598 1288 812 1358 aequali
845 1289 1120 1343 eeleritate
1153 1294 1424 1344 motarum
1455 1292 1708 1346 remotio-

603 1397 688 1432 res
729 1379 936 1432 tardius
977 1380 1186 1433 moueri
1225 1380 1492 1434 uidentur.

465 1458 510 1504 Ζ
698 1472 1021 1522 moueantur
1069 1469 1215 1522 enim
1270 1469 1482 1540 aequali
1524 1470 1710 1524 eeleri-

602 1561 714 1610 tate
740 1561 801 1627 B,
821 1561 879 1610 K
904 1559 971 1611 ad
993 1562 1175 1628 partes
1204 1563 1262 1629 Ζ,
1295 1563 1350 1612 et
1375 1559 1442 1612 ab
1467 1563 1520 1612 A
1553 1560 1708 1613 oculo

601 1646 740 1700 radii
778 1647 1044 1700 ducantur
1081 1653 1136 1701 Α
1147 1650 1214 1718 Γ,
1253 1653 1384 1719 ΑΛ,
1423 1653 1477 1701 Α
1489 1652 1546 1701 Ζ.
1611 1648 1710 1702 ita-

602 1754 704 1804 que
749 1739 807 1788 K
854 1737 1034 1790 radios
1091 1738 1157 1790 ab
1203 1742 1256 1790 A
1309 1737 1465 1791 oculo
1521 1738 1710 1792 ductos

601 1825 838 1878 minores
900 1826 1126 1879 habebit
1188 1845 1350 1896 quam
1409 1831 1472 1881 B.
1580 1846 1710 1899 ergo

600 1914 917 1968 distantiam
973 1915 1238 1969 minorem
1287 1917 1589 1986 permeabit
1642 1921 1710 1985 et,

10 2060 11 2063 Ἴ
603 2021 727 2056 oum
749 2003 928 2058 uisum
953 2009 1006 2058 A
1019 2009 1064 2058 Z
1093 2005 1243 2075 prius
1267 2006 1711 2077 transgrediatur,

17 2114 72 2133 --2
101 2088 243 2142 erius
284 2090 492 2143 moueri
531 2091 818 2146 uidebitur.

819 2301 907 2354 54.

14 2472 15 2479 ἵ
136 2398 245 2454 Ubi
283 2401 478 2456 'oculus
517 2408 1005 2475 praetermouetur,
1052 2424 1163 2477 res,
1218 2424 1352 2476 quae
1391 2405 1709 2459 remotiores

13 2482 336 2562 immitam,
374 2510 649 2546 remanere
689 2494 1029 2548 uidebuntur.

14 2706 28 2722 '⁴
60 2711 156 2758 m.
186 2709 337 2771 ὄντος]
370 2726 482 2758 corr.
503 2727 558 2757 ex
591 2713 795 2771 ὄμματος
825 2714 880 2760 V.
975 2719 1043 2759 14.
1077 2714 1174 2774 vy']
1208 2714 1284 2768 goc'
1303 2730 1354 2772 p,
1387 2715 1431 2769 ξ’
1451 2715 1505 2772 V,
1529 2730 1588 2760 m.
1611 2720 1632 2759 1
1660 2730 1708 2771 νς

9 2792 15 2849 Ι
88 2814 90 2817 ,
121 2781 181 2814 m:
214 2774 240 2813 2
272 2786 314 2816 v.
468 2777 535 2818 18.
577 2774 693 2833 ΑΓ]
734 2788 827 2830 seq.
862 2787 950 2818 ras.
987 2778 1008 2817 1
1043 2773 1135 2819 litt.
1170 2774 1224 2832 V,
1267 2789 1380 2819 corr.
1415 2788 1471 2849 ei}
1501 2777 1641 2819 ΑΒΓ
1666 2789 1708 2819 v.

10 2864 15 2884 ‚
115 2830 156 2872 1.
194 2827 274 2874 καί
311 2857 367 2864 -
399 2836 470 2877 22.
512 2830 770 2892 φέρεσθαι]
811 2847 900 2878 om.
932 2833 987 2879 V.
1139 2838 1209 2878 21.
1250 2836 1585 2891 παραλλασσων
1625 2849 1707 2892 vp.

145 2921 157 2932 .
187 2889 287 2949 τπδ’]
318 2891 392 2949 ξβ’
416 2906 469 2949 p,
502 2892 580 2946 ξα’
607 2892 662 2950 V,
697 2893 775 2950 ‘vn'
804 2891 853 2936 in
884 2907 973 2937 ras.
1006 2908 1066 2938 m.
1101 2897 1126 2937 2
1160 2908 1201 2938 v.

113 2967 364 3017 Eucliden,
395 2974 479 3008 edd.
508 2976 680 3017 Heiberg
705 2979 742 3009 ot
766 2976 915 3018 Menge.
956 2976 1051 3011 VII.
1392 2973 1444 3012 16

15 3100 95 3184 {a
