1904 3184
158 91 266 145 136
538 92 804 135 SCHOLIA
833 93 900 135 IN
929 91 1214 133 EUCLIDIS
1246 91 1476 133 OPTICA.

270 213 358 267 52.
394 211 664 268 ’Ἑλαττόν
696 211 846 265 ἐστιν
876 210 1205 281 ἡμικυκλίου
1235 230 1286 279 p.
1319 212 1406 279 44,
1439 210 1497 279 8]
1538 211 1632 263 διὰ
1663 211 1724 263 τὸ
1757 209 1852 263 κε’·

156 304 419 371 νοηθήτω
474 302 579 372 γὰρ
635 302 781 370 ὄμμα
834 301 896 354 τὸ
946 303 991 352 Ζ
1044 299 1398 370 προσβάλλον
1453 307 1517 369 τῇ
1566 299 1860 369 [ΕΘ]ΔΗ

158 394 386 463 σφαίρᾳ.

270 496 358 549 53.
411 492 557 547 Ἐπεὶ
604 490 708 548 οὖν
754 492 862 547 ἀπό
908 512 1059 556 τινος
1103 513 1154 562 Ρ.
1194 494 1290 562 46,
1331 491 1395 562 6]
1443 494 1703 561 νοηθήτω
1748 493 1852 563 γὰρ

99 596 128 636 5
160 583 306 655 ὄμμα
346 585 407 637 τὸ
450 587 517 636 Ζ·
559 584 652 636 διὰ
691 584 752 636 τὸ
791 582 888 636 κε’.

272 690 358 741 54.
406 688 726 757 Κύλινδρος
755 707 804 757 p.
833 687 923 757 46,
957 686 1050 756 14]
1092 689 1391 756 σημείωσαι
1424 687 1521 739 τὸν
1551 686 1854 756 κύλινδρον

161 778 342 849 ὀρθὸν
384 776 693 846 ἱστάμενον.

277 882 363 936 55.
417 880 728 951 Οὐδέτερσν
767 881 874 950 ἄρα
913 900 962 950 p.
995 880 1084 950 48,
1119 881 1172 946 1]
1214 881 1350 932 κατὰ
1391 881 1493 949 τὴν
1532 878 1858 949 ἐπιφάνειαν

159 971 265 1041 γὰρ
306 978 405 1023 τοῦ
446 969 752 1039 κυλίνδρου
792 969 1057 1022 ἅπτονται
1097 970 1158 1022 αί
1193 968 1422 1022 εὐθεῖαι.

74 1087 129 1128 10
275 1075 361 1129 56.
424 1073 523 1128 κθ’
562 1094 614 1144 Ρ.
654 1074 750 1143 50,
789 1073 855 1142 9]
912 1074 973 1126 τὸ
1020 1074 1200 1143 παρὸν
1245 1073 1510 1143 θεώρημα
1557 1074 1857 1142 δείκνυται,

160 1163 237 1218 δι’
275 1159 355 1218 ὧν
394 1162 485 1217 καὶ
523 1165 585 1217 τὸ
625 1161 705 1228 κζ’
740 1161 980 1232 ἐδείχθη.
1902 1219 1904 1223 ,

223 1269 227 1272 ’
271 1268 358 1322 57.
424 1267 505 1320 Τὸ
555 1271 679 1320 ἴσον
726 1267 832 1336 ἄρα
879 1286 931 1336 p.
972 1267 1065 1334 58,
1106 1268 1170 1333 9]
1222 1270 1344 1319 ἴσον
1390 1263 1490 1336 μὲν
1537 1276 1656 1329 ταῖς
1695 1265 1855 1330 ὄψεσι

160 1359 419 1426 φαίνεται
457 1356 551 1410 διὰ
591 1357 652 1410 τὸ
691 1355 800 1409 ὑπὸ
843 1360 980 1409 ἴσων
1019 1364 1239 1423 γωνιῶν
1286 1355 1552 1425 ὁρᾶσθαι,
1600 1355 1702 1410 οὐκ
1741 1358 1855 1409 ἔστι

162 1444 356 1500 δέ·τὰ
397 1446 502 1516 γὰρ
543 1444 799 1516 ἀνωτέρω
841 1452 940 1498 τοῦ
979 1446 1164 1498 κώνου
1205 1452 1542 1498 στενοῦνται.

72 1562 128 1603 15
274 1551 360 1606 58.
413 1548 559 1603 ’Ἰσαι
608 1551 670 1603 αἰ
711 1552 932 1618 γωνίαι,
988 1549 1072 1603 ὅτι
1120 1550 1186 1601 τὰ
1234 1548 1461 1602 ἐπίπεδα
1507 1559 1622 1612 τοῖς
1668 1550 1856 1613 αὐτοῖς

164 1637 536 1710 ἐμπεριέχεται
570 1635 1008 1710 διαστήμα[σιν]·
1046 1636 1098 1714 ἐξ
1132 1636 1455 1708 ὡρισμένων
1487 1640 1591 1709 γὰρ
1618 1621 1887 1693 εὐθειῶν

162 1727 531 1799 [παρ]έδωκεν
571 1769 612 1781 ..
633 1769 675 1781 ..
717 1745 944 1781 οπτικον
985 1726 1384 1798 ἐξενεχθῆ[ναι]
1426 1728 1610 1791 αὐτάς.

275 1833 361 1887 59.
418 1833 498 1885 Αἱ
535 1834 661 1901 ΓΒ,
694 1835 798 1885 ΒΖ
846 1833 1029 1885 ἄνισοι
1075 1852 1124 1901 Ρ.
1159 1833 1252 1901 68,
1297 1832 1389 1901 16]
1438 1832 1541 1885 δύο
1589 1832 1694 1903 γὰρ
1742 1834 1855 1903 τρί-

163 1921 317 1991 γωνά
364 1923 470 1975 εἰσι
518 1922 584 1974 τὰ
631 1923 815 1989 ΒΓΑ,
851 1924 1020 1974 ΒΖΑ
1065 1920 1249 1991 ὀρθὴν
1295 1923 1489 1990 ἔχοντα
1537 1923 1748 1990 γωνιάν
1794 1923 1855 1975 τὸ

70 2022 131 2064 20
163 2007 264 2081 μὲν
303 2012 404 2080 τὴν
443 2011 582 2081 πρὸς
621 2018 695 2082 τςό
739 2012 807 2078 Γ,
855 2010 915 2063 τὸ
956 2007 1017 2063 δὲ
1056 2010 1157 2079 τὴν
1194 2011 1334 2081 πρὸς
1372 2018 1447 2083 τῷ
1490 2014 1559 2079 Ζ,
1610 2013 1706 2064 καί
1742 2010 1857 2064 ἐστι

163 2101 360 2154 λοιπὸν
399 2101 460 2153 τὸ
502 2099 607 2153 ἀπὸ
647 2107 743 2168 τῆς
781 2103 886 2152 ΒΑ
934 2104 1057 2152 ἴσον
1105 2099 1211 2152 ἀνὰ
1258 2098 1422 2169 μέρος
1469 2107 1543 2172 τῷ
1593 2099 1699 2153 ἀπὸ
1746 2109 1858 2153 τῶν

163 2191 284 2258 ΒΓ,
319 2191 419 2242 ΓΑ
455 2187 548 2242 καὶ
586 2198 703 2252 τοῖς
741 2188 847 2242 ἀπὸ
887 2197 999 2242 τῶν
1038 2191 1160 2257 ΒΖ,
1196 2193 1319 2241 ΖΑ.
1382 2186 1502 2242 ἀλλ’
1538 2187 1570 2257 ἡ
1606 2191 1706 2242 ΓΛ
1743 2191 1858 2258 μεί-

164 2282 271 2344 ζων
319 2278 542 2348 ἐδείχθη
589 2286 685 2347 τῆς
726 2282 847 2331 ZA.
927 2279 1088 2346 ὥστε,
1137 2279 1269 2349 ὅπερ
1319 2277 1551 2332 ἐλλείπει
1591 2279 1691 2348 τὴν
1733 2282 1859 2347 ZA,

163 2367 269 2433 έξει
308 2375 472 2422 τοῦτο
513 2367 545 2436 ἡ
587 2371 693 2421 ΒΖ
732 2365 824 2420 καὶ
864 2370 1015 2421 ἔσται
1053 2370 1251 2437 μείζων
1289 2375 1385 2437 τῆς
1423 2370 1542 2420 ΒΓ.

73 2482 132 2524 25
278 2473 363 2526 60.
414 2471 692 2526 Ἐλασσων
740 2468 840 2541 μὲν
886 2492 993 2542 αρα
1039 2491 1090 2541 Ρ.
1133 2471 1331 2541 70,1]
1380 2470 1565 2541 ἐπειδὴ
1612 2473 1717 2542 γαρ
1767 2478 1859 2527 ἴσα
1896 2449 1904 2509 *³

164 2559 271 2615 εἰσὶ
325 2562 391 2614 τὰ
450 2561 556 2615 ἀπὸ
613 2569 725 2614 τῶν
770 2564 901 2631 ΒΖ,
942 2565 1050 2614 ZA
1107 2569 1183 2633 τῷ
1235 2559 1341 2614 ἀπὸ
1396 2569 1508 2613 τῶν
1553 2563 1687 2630 ΒΚ,
1726 2565 1859 2631 ΚΑ,
1894 2567 1897 2636 J

285 2683 354 2723 52.
387 2676 468 2723 Vb.
617 2681 686 2722 53.
719 2675 800 2722 Vb.
947 2682 1016 2721 54.
1058 2674 1268 2721 VbVat.¹
1308 2690 1412 2720 cum
1443 2676 1518 2732 fig.
1666 2681 1734 2721 55.
1774 2675 1859 2722 Vb.

226 2742 295 2782 56.
329 2738 405 2782 V¹.
531 2742 599 2781 57.
632 2736 712 2781 Vb·
837 2740 908 2781 58.
941 2737 1022 2780 Vb.
1146 2741 1215 2780 59.
1249 2734 1330 2780 Vb.
1454 2740 1522 2779 60.
1557 2735 1636 2780 Vb.

288 2846 355 2886 15.
391 2841 487 2886 ἴσαι
521 2841 572 2886 αἱ
606 2838 789 2899 γωνίαι]
821 2842 987 2898 postea
1020 2840 1127 2886 add.
1267 2843 1335 2883 19.
1368 2838 1445 2898 τά]
1477 2839 1542 2884 τό.
1682 2845 1750 2885 20.
1787 2840 1857 2899 Γ]

165 2915 281 2946 corr.
315 2914 371 2944 ex
403 2907 456 2946 A.
583 2905 637 2944 21
672 2903 719 2944 et
751 2905 820 2944 26.
854 2901 935 2959 τῷ]
966 2899 1109 2943 immo
1141 2907 1250 2956 τοῖς,
1284 2899 1365 2943 sed.
1398 2899 1477 2943 cfr.
1510 2914 1553 2955 p.
1583 2903 1681 2955 137,
1715 2904 1755 2944 4.
