1904 3184
101 1111 156 1151 10

101 1556 155 1596 15

99 2115 157 2155 20

193 179 264 232 70
761 179 1045 223 EUCLIDIS
1078 179 1308 224 OPTICA.

191 299 355 354 ἐστίν.
417 302 514 354 καί
548 301 690 352 εἰσιν
730 296 900 370 ὀρθαὶ
939 301 1001 352 αἱ
1033 299 1142 353 ὑπὸ
1183 303 1360 369 ΒΖΑ,
1393 303 1572 353 ΒΚΑ.
1635 299 1882 354 ἐλάσσων

189 386 289 459 μὲν
336 391 443 460 ἄρα
489 388 522 457 ἡ
564 392 668 441 ΒΖ
715 395 811 456 τῆς
851 391 965 440 ΒΚ
1006 389 1099 441 διὰ
1144 389 1206 442 τὸ
1256 393 1347 442 ἴσα
1393 385 1535 442 εἶναι
1573 389 1640 442 τά
1678 408 1736 442 τε
1775 388 1881 443 ἀπὸ

189 487 302 531 τῶν
341 482 471 548 ΒΖ,
514 482 622 531 ZA
660 475 752 530 καὶ
792 477 860 529 τὰ
897 476 1004 530 ἀπὸ
1043 487 1154 531 τῶν
1192 481 1326 547 ΒΚ,
1366 481 1481 531 KA
1526 486 1602 551 τῷ
1642 478 1748 532 ἀπὸ
1787 486 1884 547 τῆς

188 571 294 620 BA
338 566 431 620 καὶ
477 566 758 637 ἀλλήλοις,
806 569 1003 636 μείζων
1042 564 1103 620 δὲ
1141 567 1310 620 πάλιν
1354 565 1388 635 ἡ
1427 567 1536 620 ὑπὸ
1577 570 1747 620 ΒΑΚ
1787 575 1883 636 τῆς

189 655 298 709 ὑπὸ
346 660 520 709 ΒΑΖ.
614 665 807 709 πασῶν
857 652 918 708 δὲ
963 664 1076 709 τῶν
1126 656 1266 726 πρὸς
1311 664 1376 726 τῇ
1424 659 1528 708 ΒΑ
1573 655 1882 726 γινομένων

188 755 409 813 γωνιῶν
447 745 554 798 ὑπὸ
594 754 707 798 τῶν
746 745 840 798 διὰ
873 752 973 798 τοῦ
1005 750 1060 798 Α
1099 743 1444 814 διαγομένων
1475 748 1700 814 μεγίστη
1733 744 1883 799 ἐστὶν

189 833 222 902 ἡ
260 834 369 887 ὑπὸ
409 837 587 887 ΒΑΗ
619 833 981 904 ε’κβληθείσης
1019 842 1116 903 τῆς
1155 837 1256 887 ΓΑ
1296 832 1384 888 ἐπὶ
1422 835 1484 888 τὸ
1523 838 1599 904 Η,
1639 833 1752 888 ἐπεὶ
1791 833 1882 888 καὶ

187 932 380 976 πασῶν
420 922 659 977 ἐλάττων
697 923 730 992 ἡ
769 924 878 978 ὑπὸ
911 927 1084 977 ΒΑΓ.
1149 929 1263 976 ἴσαι
1295 921 1356 976 δὲ
1386 926 1638 992 γίνονται
1669 925 1732 977 αἱ
1760 929 1883 978 ἴσον

191 1011 489 1082 ἀπέχουσαι
546 1011 633 1083 ἐφ’
687 1011 913 1083 ἑκάτερα
966 1020 1062 1082 τῆς
1107 1014 1235 1065 ΜΛ
1289 1019 1385 1081 τῆς
1438 1013 1541 1081 τὴν
1594 1011 1883 1082 ἐλαχίστην

188 1105 398 1170 γωνίαν
428 1103 786 1173 περιεχούσης
815 1102 948 1172 μετὰ
979 1109 1075 1171 τῆς
1107 1105 1224 1154 ΒΑ.
1286 1103 1493 1155 κείσθω
1526 1102 1631 1171 γὰρ
1664 1109 1728 1171 τῇ
1762 1105 1891 1155 ΕΜ

190 1196 280 1260 ἴση
319 1190 352 1259 ἡ
385 1195 532 1260 ΜΝ,
571 1189 663 1244 καὶ
704 1190 1118 1261 ἐπεζεύχθωσαν
1157 1191 1218 1244 αἱ
1248 1194 1388 1259 EM
1421 1194 1568 1259 ΜΝ,
1600 1193 1721 1259 ΕΓ,
1756 1193 1882 1260 ΓΝ,

189 1283 319 1349 ΒΕ,
359 1284 490 1349 ΒΝ,
530 1285 664 1334 AN.
750 1278 865 1334 ἐπεὶ
913 1277 1016 1334 οὖν
1063 1284 1152 1348 ἴση
1201 1277 1352 1332 ἐστὶν
1389 1278 1421 1348 ἡ
1462 1283 1601 1333 ΜΝ
1638 1288 1703 1351 τῇ
1743 1283 1883 1349 ΜΕ,

188 1370 347 1439 κοινὴ
389 1366 449 1422 δὲ
480 1369 513 1438 ἡ
546 1373 683 1439 ΜΓ,
722 1368 813 1423 καὶ
853 1372 1058 1438 γωνίας
1092 1373 1213 1431 ἴσας
1243 1367 1611 1439 περιέχουσιν,
1654 1374 1743 1438 ἴση
1776 1370 1883 1440 ἄρα

187 1457 278 1511 καὶ
318 1458 351 1527 ἡ
391 1462 505 1512 ΕΓ
541 1469 607 1531 τῇ
648 1462 774 1514 ΓΝ.
850 1460 1007 1528 κοινὴ
1056 1455 1116 1511 δὲ
1161 1456 1254 1511 καὶ
1299 1459 1438 1529 πρὸς
1475 1458 1653 1529 ὀρθὰς
1690 1457 1723 1526 ἡ
1766 1461 1881 1511 ΓΒ.

191 1553 280 1617 ἴση
322 1549 427 1620 ἄρα
465 1547 556 1602 καὶ
596 1548 628 1617 ἡ
669 1553 775 1602 ΕΒ
812 1557 878 1620 τῇ
914 1551 1043 1601 ΒΝ.
1106 1547 1244 1600 ἀλλὰ
1282 1545 1374 1600 καὶ
1413 1546 1446 1615 ἡ
1487 1551 1598 1600 ΕΑ
1637 1555 1702 1619 τῇ
1742 1551 1881 1601 ΑΝ·

187 1635 278 1689 καὶ
317 1638 474 1707 κοινὴ
515 1637 547 1706 ἡ
582 1641 706 1690 ΑΒ.
767 1636 859 1691 καὶ
900 1639 1072 1706 γωνία
1112 1638 1218 1707 ἄρα
1258 1635 1291 1705 ἡ
1330 1636 1439 1689 ὑπὸ
1472 1640 1630 1689 ΕΑΒ
1670 1644 1736 1707 τῇ
1771 1636 1880 1690 ὑπὸ

187 1729 300 1778 ΝΑ
308 1729 354 1778 Β
397 1731 486 1794 ἴση
528 1725 692 1779 ἐστίν.

281 1923 461 1978 ’Ἑστω
501 1926 701 1988 κύκλος
739 1925 768 1979 ὁ
810 1928 1055 1994 ΑΒΓΔ,
1109 1921 1177 1979 οὗ
1222 1923 1454 1995 κέντρον
1500 1926 1561 1978 τὸ
1604 1929 1672 1993 Ζ,
1729 1923 1789 1978 έν
1836 1918 1882 1997 ᾧ

187 2013 403 2067 εὐθεῖαι
434 2015 699 2084 ἤχθωσαν
731 2015 824 2067 διὰ
855 2023 967 2067 τῶν
999 2019 1069 2083 Α,
1102 2018 1165 2083 Β,
1200 2017 1261 2082 Γ,
1293 2019 1348 2067 Δ
1387 2012 1683 2084 τέμνουσαι
1715 2013 1880 2083 ἀλλή-

189 2107 287 2166 λας
324 2104 462 2175 πρὸς
500 2104 693 2175 ὀρθάς,
733 2105 878 2173 ὄμμα
919 2100 980 2156 δὲ
1019 2106 1155 2157 ε”στω
1195 2104 1257 2156 τὸ
1290 2107 1354 2172 Ε,
1395 2101 1493 2172 ἀφ’
1530 2099 1597 2156 οὗ
1632 2102 1665 2171 ἡ
1699 2101 1785 2156 ἐπὶ
1817 2105 1879 2157 τὸ

187 2191 418 2264 κέντρον
464 2191 887 2262 ἐπιζευγνυμένη
934 2193 1072 2263 πρὸς
1118 2192 1296 2262 ὀρθὰς
1342 2200 1406 2263 τῇ
1450 2194 1574 2261 ΓΛ,
1628 2194 1766 2263 πρὸς
1820 2190 1882 2246 δὲ

310 2491 348 2532 1.
383 2485 526 2546 ἐστίν]
561 2484 653 2531 ἐστί
684 2486 898 2531 Vat.vm.
1005 2487 1154 2545 BZA]
1192 2490 1317 2530 ZBA
1349 2486 1509 2530 Vat.v.
1611 2485 1799 2531 ἔλαττον
1830 2501 1904 2545 v,;

189 2544 387 2592 ἐλάττων
419 2547 526 2592 Vat.
679 2550 719 2590 3.
754 2546 856 2604 BZ]
894 2549 974 2589 ZB
1005 2545 1207 2590 Vat.¹m.
1352 2546 1451 2604 τῆς]
1484 2553 1576 2590 τῶν
1607 2545 1713 2590 Vat.
1837 2550 1904 2598 4.ss

189 2608 344 2662 μεῖζον
376 2621 418 2651 V.
542 2603 620 2665 δέ]
655 2619 767 2650 corr,
801 2605 851 2648 in
876 2604 967 2660 ἄρα
999 2605 1054 2661 V,
1092 2605 1185 2661 ἄρα
1217 2605 1577 2650 Vat.Vat.¹mv.
1702 2610 1741 2649 6.
1774 2606 1904 2650 δια-ἐ

189 2663 419 2724 γομένων]
453 2667 554 2709 δια-
581 2665 633 2708 in
655 2679 745 2708 ras.
770 2665 826 2709 V.
921 2670 959 2709 7.
995 2662 1126 2723 ἐπεί]
1157 2665 1237 2710 καὶ
1262 2661 1363 2708 ἐπεί
1386 2664 1546 2709 Vat.v.
1642 2668 1709 2709 11.
1741 2664 1879 2724 MN]

189 2738 303 2770 corr.
338 2738 395 2769 ex
426 2728 534 2768 ΜΓ
557 2725 663 2769 Vat.
788 2725 907 2782 ΕΓ]
941 2738 1028 2769 om.
1061 2739 1121 2768 m.
1246 2728 1313 2767 13.
1346 2722 1611 2781 περιέχουσι
1643 2738 1685 2767 v.
1810 2726 1878 2770 15.

191 2785 311 2843 BN]
354 2788 450 2828 ΒΗ
483 2799 542 2828 m.
697 2788 765 2828 16.
814 2784 897 2842 τῇ]
937 2790 1017 2840 τῆς
1046 2783 1153 2828 Vah.
1308 2787 1375 2827 17.
1427 2783 1578 2841 NAB]
1620 2796 1644 2826 e
1676 2796 1789 2827 corr.
1822 2781 1893 2830 V„

252 2870 320 2909 18.
353 2865 432 2923 μγ’
459 2866 514 2922 V,
548 2866 631 2922 μα’
657 2881 716 2910 m.
744 2871 769 2910 2
802 2865 908 2909 Vat.
1018 2862 1182 2921 κε’τρον
1213 2880 1255 2909 V.
1373 2868 1440 2907 19.
1474 2863 1718 2923 ἤχθωσαν]
1751 2853 1880 2922 ἤχθῗ

189 2924 297 3028 ἓξὲξ.
339 2925 606 3041 θΧοίἒλήνλοιις
636 2941 694 2969 m.
788 2928 858 2968 20.
891 2924 942 2968 τὸ
967 2922 1180 2983 κέντρον]
1213 2930 1294 2968 τοῦ
1321 2920 1514 2979 κέντρου
1546 2938 1604 2967 m.
1699 2929 1766 2968 21.
1800 2921 1889 2983 τῇ]
