1904 3184
141 699 167 738 5

115 1142 169 1182 10

115 1586 170 1626 15

115 2031 172 2070 20

117 2505 174 2544 25

196 146 268 198 2ss
764 144 1048 187 EUCLIDIS
1079 144 1307 188 oprmss

196 266 453 320 ε’λάσσονι
491 268 674 336 μεῖζον
705 265 767 318 τὸ
797 264 1282 335 ὑπερφαινόμενον
1314 265 1587 333 φαίνεται,
1626 262 1886 326 ἀπιόντος

199 353 259 409 δὲ
297 358 504 426 μείζονι
544 353 791 424 [μεῖζον]

999 485 1085 551 ιζ’.

305 592 441 647 Ὅσα
486 592 741 660 ἀλλήλων
786 589 1064 662 ὑπερέχει,
1120 589 1204 644 ἐπ’
1248 590 1470 653 εὐθείας
1515 597 1591 662 τῷ
1639 588 1889 642 ἐλάττονι

200 681 422 752 μεγέθει
469 689 569 734 τοῦ
617 682 856 750 ὄμματος
901 681 1232 751 προσιόντος
1270 699 1327 732 τε
1371 677 1463 732 καὶ
1511 676 1888 748 ἀφισταμένου

197 779 274 843 τῷ
322 776 422 843 ἴσῳ
478 769 562 823 ἀεὶ
609 768 754 834 δόξει
808 770 870 822 τὸ
916 769 1398 840 ὑπερφαινόμενον
1452 775 1552 821 τοῦ
1600 766 1889 830 ἐλάττονος

198 859 501 931 ὑπερέχειν.

313 952 450 1002 ἔστω
491 949 594 1002 δύο
634 950 800 1002 ἄνισα
837 946 1046 1018 μεγέθη
1084 947 1151 999 τὰ
1183 949 1311 1014 ΑΒ,
1346 948 1465 1015 TA,
1505 941 1584 999 ὧν
1615 947 1798 1015 μεῖζον
1828 944 1890 997 τὸ

200 1042 328 1107 ΑΒ,
367 1040 513 1108 ὄμμα
551 1034 613 1090 δὲ
652 1039 789 1091 ἔστω
828 1037 890 1090 τὸ
926 1040 970 1089 Ζ
1010 1033 1093 1088 ἐπ’
1129 1034 1353 1097 εὐθείας
1391 1036 1644 1104 κείμενον
1682 1040 1758 1105 τῷ
1797 1031 1890 1086 πέ-

201 1147 326 1198 ρατι
349 1134 450 1179 τοῦ
469 1128 570 1180 TA
593 1125 867 1195 μεγέθους
883 1133 958 1197 τῷ
978 1127 1038 1178 Γ.
1112 1152 1174 1203 Δ

201 1215 367 1285 λέγω,
422 1216 506 1269 ὅτι
551 1223 652 1268 τοῦ
701 1219 746 1267 Ζ
801 1216 1041 1284 ὄμματος

200 1307 530 1376 προσιόντος
550 1303 644 1358 καὶ
662 1303 1040 1375 ἀφισταμένου

202 1393 286 1448 ἐπ’
329 1395 552 1458 εὐθείας
597 1396 757 1458 ὄντος
808 1403 884 1468 τῷ
940 1401 1040 1468 ἴσῳ
1450 1360 1512 1408 Γ

202 1482 349 1547 δόξει
372 1484 819 1555 ὑπερφαίνεσθαι
846 1486 908 1539 τὸ
932 1491 986 1538 A
994 1489 1041 1538 Β

201 1581 302 1626 τοῦ
336 1576 451 1626 ΓΔ.
513 1572 896 1644 προσπιπτέτω
936 1575 1041 1646 γὰρ
1141 1617 1197 1669 B
1484 1630 1539 1673 Δ

203 1660 356 1724 ἀκτὶς
388 1663 482 1714 διὰ
516 1670 615 1715 τοῦ
650 1662 764 1731 Γὴ
800 1667 917 1717 ΖΕ.
979 1665 1041 1718 τὸ

203 1754 312 1803 AB
346 1752 452 1822 ἄρα
483 1759 583 1804 τοῦ
609 1754 711 1805 TA
739 1752 1138 1824 ὑπερφαίνεται
1169 1762 1245 1827 τῷ
1271 1759 1324 1807 Α
1333 1757 1395 1807 Ε.
1446 1755 1892 1823 μετακεκινήσθω

205 1839 273 1908 δὴ
311 1840 373 1892 τὸ
414 1841 559 1910 ὄμμα
597 1839 689 1894 καὶ
728 1844 865 1895 ἔστω
907 1842 1167 1915 ἀπωτέρω
1214 1842 1308 1897 καὶ
1356 1846 1492 1897 ἔστω
1541 1841 1625 1897 ἐπ’
1670 1843 1895 1906 εὐθείας

203 1929 264 1981 τὸ
293 1931 365 1980 Η.
428 1928 461 1996 ἡ
501 1930 608 1999 ἄρα
646 1929 752 1984 ἀπὸ
791 1938 892 1984 τοῦ
923 1935 989 1984 Η
1020 1933 1261 2002 ὄμματος
1292 1930 1445 1995 ἀκτὶς
1473 1934 1895 2002 προσπίπτουσα

206 2016 481 2070 ἐλεύσεται
514 2019 607 2070 διὰ
630 2026 730 2071 τοῦ
756 2022 810 2072 Γ
833 2024 1060 2089 σημείου
1092 2020 1184 2074 καὶ
1214 2022 1714 2092 προσενεχθήσεται
1738 2019 1895 2091 μέχρι

204 2113 304 2158 τοῦ
342 2111 396 2159 Ε
438 2110 692 2177 σημείου,
745 2107 838 2161 καὶ
884 2117 960 2181 τῷ
1008 2109 1157 2182 αὐτῷ
1197 2109 1644 2181 ὑπερφανήσεται
1682 2110 1743 2163 τὸ
1784 2112 1894 2162 AB

204 2202 303 2248 τοῦ
345 2198 458 2248 TA.

1004 2299 1096 2369 ιη’.
1134 2298 1135 2302 ’

326 2404 406 2456 Τὸ
448 2401 621 2456 δοθὲν
658 2403 802 2468 ὕψος
833 2413 1060 2473 γνῶναι,
1099 2407 1334 2473 πηλίκον
1365 2403 1532 2473 ἐστίν,
1571 2402 1732 2471 ἡλίου
1766 2404 1895 2472 φαί-

206 2511 417 2555 νοντος.

317 2584 452 2634 ἔστω
485 2583 546 2635 τὸ
580 2579 752 2636 δοθὲν
782 2582 925 2645 ὕψος
955 2583 1016 2635 τὸ
1049 2585 1176 2650 ΑΒ,
1214 2576 1306 2634 καὶ
1339 2578 1468 2633 δέον
1500 2580 1634 2634 αὐτὸ
1667 2589 1893 2649 γνῶναι,

205 2673 439 2738 πηλίκον
479 2658 642 2724 ἐστίν.
719 2673 855 2724 ἔστω
895 2668 996 2739 μὲν
1034 2672 1180 2740 ὄμμα
1218 2670 1279 2723 τὸ
1318 2673 1396 2737 A,
1441 2668 1602 2737 ἡλίου
1643 2666 1703 2722 δὲ
1744 2667 1895 2732 ἀκτὶς

328 2895 367 2935 2.
402 2891 575 2950 μεῖζον]
609 2905 697 2935 om.
730 2890 971 2946 Vat.¹mv‚
1002 2905 1062 2933 m.
1090 2894 1116 2933 2
1141 2889 1248 2933 Vat.
1341 2887 1462 2933 Dein
1495 2888 1601 2933 add.
1635 2887 1814 2945 ωέξῆς
1836 2886 1892 2943 V,

207 2966 265 2994 m.
301 2954 326 2993 2
359 2950 467 2995 Vat.
576 2955 615 2995 3.
650 2950 730 3009 ιζ’]
763 2949 830 3007 ιη’
866 2949 998 2992 codd.
1109 2953 1148 2992 6.
1180 2952 1243 3008 τῷ
1277 2946 1357 3008 ἴσῳ
1389 2945 1490 3006 ἀεί]
1522 2947 1573 2990 in
1604 2962 1693 2991 ras,
1719 2962 1777 2991 m.
1800 2952 1823 2990 1
1848 2960 1892 2991 v.
