1904 3184
131 1874 187 1914 10

133 2319 188 2359 15

130 2766 186 2805 20

222 139 290 192 72
788 141 1073 188 Encmms
1106 143 1335 187 OPTICA.

218 261 320 330 τὴν
359 264 468 313 AB
508 268 787 330 τυχοῦσαν
825 263 1036 330 γωνίαν
1073 261 1384 334 περιεχέτω·
1422 261 1514 316 καὶ
1554 266 1689 318 ἔστω
1728 265 1762 334 ἡ
1798 270 1904 319 ΕΖ

219 357 315 418 τῆς
353 349 412 403 ἐκ
450 356 549 402 τοῦ
586 349 818 421 κέντρου
858 353 1066 419 μείζων.
1147 351 1305 421 λέγω,
1346 353 1430 406 ὅτι
1467 354 1651 407 ἄνισοι
1690 355 1751 407 αἱ
1786 355 1904 407 διά-

218 457 406 508 μετροι
437 439 498 491 αἱ
524 443 578 491 A
587 443 652 507 B,
678 442 778 492 ΓΔ
817 441 1178 510 φανήσονται,
1215 439 1307 494 καὶ
1338 445 1561 512 μεγίστη
1593 439 1692 512 μὲν
1724 443 1757 512 ἡ
1785 446 1904 512 ΓΔ,

220 526 472 596 ἐλαχίστη
526 525 587 581 δὲ
632 527 666 596 ἡ
713 531 846 597 AB,
900 527 985 582 ἀεὶ
1040 527 1100 583 δὲ
1153 529 1186 598 ἡ
1242 533 1428 599 ἔγγιον
1480 538 1576 600 τῆς
1622 531 1904 601 ἐλαχίστης

222 616 468 670 ἐλάσσων
514 624 610 685 τῆς
656 616 963 688 ἀπώτερον,
1014 619 1117 672 δύο
1158 616 1218 672 δὲ
1256 622 1430 689 μόνον
1470 620 1752 690 διάμετροι
1793 626 1904 674 ἴσαι

219 1509 563 1577 φανήσονται
605 1514 727 1562 ἴσον
766 1509 1064 1578 ἀπεχουσαι
1105 1506 1188 1578 ἐφ’
1222 1506 1445 1579 ἑκάτερα
1476 1515 1572 1577 τῆς
1608 1507 1904 1576 ἐλαχίστης.

219 1595 333 1650 ἐπεὶ
364 1597 468 1668 γὰρ
501 1597 534 1666 ἡ
570 1601 670 1651 ΓΔ
702 1596 928 1670 ἑκατέρᾳ
958 1607 1070 1651 τῶν
1102 1601 1229 1666 ΑΒ,
1254 1601 1358 1650 ΕΖ
1400 1596 1512 1650 ἐστι
1543 1597 1682 1667 πρὸς
1713 1595 1904 1666 ὀρθάς,

218 1684 308 1739 καὶ
346 1686 525 1739 πάντα
571 1689 678 1758 ἄρα
723 1687 790 1740 τὰ
837 1687 930 1740 διὰ
979 1695 1075 1756 τῆς
1115 1689 1214 1740 ΓΔ
1261 1685 1488 1739 ἐπίπεδα
1537 1685 1904 1754 ἐκβαλλόμενα

218 1783 293 1847 τῷ
335 1776 427 1828 διὰ
467 1785 578 1829 τῶν
616 1781 745 1845 ΕΖ,
777 1780 886 1830 AB
934 1775 1049 1830 ἐστι
1094 1777 1231 1847 πρὸς
1278 1774 1475 1845 ὀρθάς·
1531 1775 1668 1827 ὥστε
1714 1771 1805 1827 καὶ
1843 1773 1904 1828 τὸ

217 1863 579 1934 ὑποκείμενον
616 1873 716 1918 τοῦ
755 1866 962 1919 κύκλου
1001 1865 1276 1933 ἐπίπεδον,
1316 1863 1404 1934 ἐφ’
1442 1860 1508 1917 οὗ
1542 1863 1690 1917 ἐστιν
1722 1862 1755 1931 ἡ
1789 1865 1842 1916 Γ
1836 1866 1904 1917 Δ.

218 1954 375 2023 ἤχθω
416 1951 519 2008 οὖν
558 1953 663 2008 ἀπὸ
702 1961 802 2007 τοῦ
834 1959 886 2007 Ε
921 1957 1148 2024 σημείου
1186 1952 1273 2007 ἐπὶ
1305 1955 1366 2007 τὸ
1397 1953 1760 2021 ὑποκείμενον
1792 1950 1904 2005 ἐπί-

218 2043 390 2096 πεδον
428 2043 674 2106 κάθετος.
738 2041 825 2097 ἐπὶ
863 2045 966 2113 τὴν
1003 2045 1198 2112 κοινὴν
1236 2045 1343 2114 ἄρα
1374 2043 1548 2112 τομὴν
1576 2044 1760 2095 πίπτει
1794 2048 1904 2092 τῶν

220 2131 493 2186 ἐπιπέδων
531 2134 632 2202 τὴν
672 2137 795 2186 ΑΒ.
857 2132 1093 2186 πιπτέτω
1134 2130 1237 2187 οὖν
1275 2131 1367 2186 καὶ
1405 2134 1540 2186 ἔστω
1581 2129 1613 2198 ἡ
1649 2132 1776 2198 ΕΚ,
1813 2125 1904 2182 καὶ

219 2222 434 2291 διήχθω
482 2230 548 2293 τῇ
594 2221 865 2294 διαμέτρῳ
912 2230 1011 2275 τοῦ
1058 2224 1264 2276 κύκλου
1314 2227 1402 2290 ἴση
1449 2220 1482 2289 ἡ
1524 2223 1657 2273 AM
1693 2216 1785 2271 καὶ
1823 2236 1904 2270 τε-

220 2312 450 2380 τμήσθω
499 2312 625 2380 δίχα
669 2312 807 2364 κατὰ
852 2312 913 2365 τὸ
956 2316 1022 2365 Ν
1068 2322 1318 2382 σημεῖον,
1372 2308 1464 2364 καὶ
1516 2309 1744 2378 ἀνήχθω
1800 2306 1904 2360 ἀπὸ

218 2407 317 2452 τοῦ
356 2403 422 2453 Ν
460 2408 526 2472 τῇ
566 2404 701 2453 AM
736 2402 874 2472 πρὸς
920 2401 1097 2471 ὀρθὰς
1144 2401 1337 2455 εὐθεῖα
1374 2399 1408 2468 ἡ
1448 2398 1584 2467 ΝΞ,
1638 2395 1729 2451 καὶ
1769 2399 1904 2449 ἔστω

218 2487 251 2556 ἡ
283 2489 400 2549 ΝΞ
433 2497 499 2560 τῇ
531 2493 637 2542 ΕΖ
678 2495 783 2558 ἴση.
845 2491 906 2543 τὸ
947 2492 1053 2561 ἄρα
1092 2489 1216 2561 περὶ
1255 2491 1356 2559 τὴν
1388 2492 1522 2542 ΛΜ
1552 2488 1904 2558 γραφόμενον

218 2585 398 2647 τμῆμα
451 2577 543 2631 καὶ
597 2577 891 2650 ἐρχόμενον
946 2580 1038 2631 διὰ
1091 2587 1190 2633 τοῦ
1246 2579 1296 2640 Ξ
1344 2579 1526 2647 μεῖζόν
1581 2575 1730 2628 ἐστιν
1783 2572 1904 2642 ἡμι-

219 2669 474 2736 κυκλίου,
522 2666 808 2739 ἐπειδήπερ
849 2667 882 2736 ἡ
922 2669 1040 2729 ΝΞ
1081 2671 1278 2738 μείζων
1317 2665 1465 2720 ἐστὶν
1504 2662 1758 2735 ἑκατέρας
1794 2670 1904 2714 τῶν

220 2759 351 2824 ΛΝ,
384 2760 528 2810 ΝΜ
592 2759 727 2810 ἔστω
768 2758 829 2810 τὸ
870 2757 1073 2826 ΛΞΜ,
1111 2756 1202 2810 καὶ
1243 2756 1656 2823 ἐπεζεύχθωσαν
1694 2752 1755 2804 αἱ
1790 2750 1904 2818 ΞΛ,

340 2891 379 2932 5.
415 2886 634 2933 ἐλάττονα
666 2904 709 2945 v,
743 2902 889 2945 comp.
922 2888 1028 2933 Vat.
1140 2889 1399 2947 ἀπώτερον]
1433 2887 1663 2943 ἀπότερον
1693 2860 1904 2942 vvatsj

282 2945 352 3006 δέ]
385 2949 550 3006 postea
582 2948 688 2992 add.
722 2948 778 3005 V,
810 2961 898 2993 om.
924 2948 1084 2993 Vat.v.
1210 2953 1247 2994 7.
1281 2947 1389 3008 γάρ]
1423 2945 1508 2993 οὖν
1538 2946 1904 3011 Vat.Vat.¹mv4
