1904 3184
13 0 46 104 ..5-

399 129 752 174 OPTICORUM
780 131 1078 174 RECENSIO
1111 132 1388 175 THEONIS.
1632 131 1737 184 197

49 251 287 323 planum.
343 250 626 304 eoneident
655 249 845 322 igitur3
876 269 1005 304 nam
1037 255 1092 304 et
1120 254 1235 322 ΓΒ,
1258 255 1314 304 A
1322 254 1370 304 Β
1401 255 1456 305 et
1488 254 1610 323 ΓΚ,
1634 256 1741 306 ΚΛ

53 339 354 395 concidunt.
410 339 698 394 concidant
725 338 898 410 igitur
926 339 1104 410 plana,
1137 343 1192 392 et
1223 341 1525 395 eommunis
1554 360 1741 396 eorum

53 429 222 484 sectio
255 429 327 482 sit
351 431 476 482 ΒΚ.
530 427 668 499 dico,
697 427 1024 498 ubicumque
1059 429 1245 482 oculus
1269 429 1328 481 in
1350 433 1468 483 ΒΚ
1490 435 1743 503 ponatur,

32 522 263 591 'partem
302 518 447 589 coni,
486 535 622 587 quae
662 521 935 588 cernatur,
974 517 1253 586 aequalem
1292 518 1562 588 adparere.

1200 611 1434 677 ponatur
1487 609 1632 662 enim
1683 609 1742 662 in

1097 699 1215 751 ΒΚ
1241 698 1429 751 oculus
1464 701 1526 768 Ζ,
1561 699 1615 752 et
1644 716 1743 767 per

1099 789 1144 838 Z
1209 789 1388 840 rectae
1449 790 1564 840 KA
1622 807 1743 858 par-

1097 875 1256 928 allela
1325 876 1553 929 dueatur
1615 879 1742 946 ΖΝ,

1095 968 1275 1018 rectae
1297 968 1478 1018 autem
1497 968 1608 1018 ΓΚ
1624 984 1744 1036 par-

1097 1053 1256 1107 311613
1289 1058 1412 1107 ΖΣ.
1476 1058 1604 1125 ΖΝ,
1633 1058 1746 1108 ΖΣ

1140 1143 1312 1214 igitur
1366 1143 1706 1213 superficiem

1095 1233 1219 1286 coni
1272 1233 1331 1285 in
1382 1236 1463 1303 N,
1508 1237 1567 1286 Σ
1621 1252 1743 1287 eon-

1133 1322 1378 1393 tingunt3
1433 1325 1713 1392 segmenta

1098 1411 1242 1464 enim
1275 1411 1601 1465 circulorum
1624 1430 1742 1480 par-

1097 1500 1380 1553 allelorum
1447 1500 1506 1552 in
1566 1504 1614 1553 Β
1633 1503 1743 1554 ΓΔ

1098 1589 1379 1658 superficie
1413 1589 1535 1643 eoni
1562 1589 1744 1660 posita

16 1732 19 1747 A
1101 1677 1301 1730 similia
1340 1681 1481 1731 sunt.
1558 1679 1742 1748 itaque

56 1763 366 1849 distantiae,
423 1784 559 1835 quae
604 1765 664 1818 in
710 1769 758 1819 Β
766 1768 886 1820 ΔΓ
933 1767 1215 1837 superficie
1263 1767 1385 1821 coni
1436 1771 1741 1837 cernuntur,

57 1853 302 1924 §equales
342 1855 615 1925 adparent.
683 1873 811 1908 nam
851 1856 1107 1926 quoniam
1147 1855 1377 1927 angulus
1416 1856 1578 1910 reetis
1621 1860 1745 1928 ΖΣ,

60 1936 176 1999 'zN
200 1943 617 2014 comprehensus
650 1944 849 2014 angulo
881 1945 1042 1998 rectis
1066 1948 1193 2016 ΚΔ,
1215 1948 1332 1999 ΚΓ
1356 1946 1742 2015 comprehenso

39 2033 292 2103 {equalis
347 2037 454 2104 est,
507 2033 767 2086 distantia
818 2037 947 2087 ΣΝ
989 2034 1048 2087 in
1102 2053 1237 2088 cono
1294 2035 1582 2088 distantiae
1633 2039 1688 2088 Δ
1699 2038 1753 2088 Γ

58 2122 292 2192 §equalis
325 2123 562 2192 adparet.
628 2140 758 2194 ergo
790 2122 1116 2192 ubicumque
1150 2124 1337 2178 oculus
1367 2125 1426 2177 in
1455 2127 1602 2178 reeta
1632 2127 1742 2177 ΚΒ

57 2211 289 2283 ponitur,
319 2230 461 2283 pars,
492 2229 628 2281 quae
661 2210 913 2282 cernitur,
947 2230 1158 2282 semper
1182 2213 1421 2291 aequalis
1446 2212 1742 2283 adparebit.

854 2434 942 2488 33.

28 2613 30 2621 y
169 2550 335 2607 Oculo
374 2570 504 2606 uero
545 2569 756 2621 semper
792 2551 936 2604 idem
976 2552 1214 2621 spatium
1253 2572 1285 2606 a
1324 2571 1458 2607 cono
1492 2553 1742 2623 distante,

30 2638 110 2695 ἐἰ
146 2641 389 2695 sublimis
436 2641 623 2695 oculus
669 2640 913 2712 ponitur,
957 2660 1082 2711 pars
1123 2641 1242 2696 coni
1253 2684 1268 2712 ‚
1314 2660 1449 2711 quae
1490 2643 1743 2714 cernitur,

30 2728 236 2803 nninor
274 2730 511 2801 adparet,
551 2730 597 2783 si
637 2729 936 2800 demissior,
973 2730 1163 2783 maior.

31 2815 33 2874 Ῠ
170 2833 243 2887 sit
280 2834 423 2888 enim
462 2827 584 2889 coni
623 2837 811 2887 uertex
851 2834 918 2887 ad
956 2837 1218 2904 punctum
1257 2839 1332 2904 A,
1375 2834 1520 2888 basis
1561 2839 1741 2889 autem

61 2912 289 2997 §reulus
326 2926 447 2994 ΒΓ,
485 2924 815 2993 dueaturque
856 2926 968 2976 ΚΘ
1005 2926 1182 2978 rectae
1223 2927 1328 2976 BA
1366 2923 1645 2996 parallela,
1688 2929 1743 2978 et
