1904 3184
175 171 246 223 22
743 172 1026 214 EUCLIDIS
1059 173 1286 215 offlCA.

173 290 289 345 ἐστὶ
328 290 420 344 καὶ
458 293 525 344 τά
564 296 632 360 Α,
668 294 727 360 Γ,
760 296 813 344 Ε
848 301 1058 361 σημεῖα,
1107 291 1167 345 ε’ν
1207 285 1251 364 ᾧ
1292 288 1352 344 δὲ
1390 292 1456 344 τὰ
1495 297 1564 360 Α,
1599 295 1658 361 Γ,
1690 297 1763 361 Ε,
1804 292 1864 346 ἐν

174 382 352 454 τούτῳ
392 379 484 433 καὶ
523 382 590 433 τά
630 384 756 450 ΑΒ,
791 383 909 449 ΓΔ,
941 384 1046 433 ΕΖ
1085 380 1317 450 μεγέθη,
1365 381 1427 434 τὸ
1467 384 1578 434 ΑΒ
1618 383 1725 452 ἄρα
1764 389 1863 434 τοῦ

177 473 279 524 ΓΔ
317 473 721 540 μετεωρότερον
762 472 1035 539 φαίνεται,
1073 471 1135 523 τὸ
1177 467 1237 522 δὲ
1278 472 1378 523 ΓΛ
1416 477 1516 523 τοῦ
1556 474 1676 523 ΕΖ.

971 615 1065 671 ιδ’.
1168 616 1198 667 2²·

116 733 142 772 5
295 726 416 775 Τῶν
458 728 595 776 ἴσων
634 727 888 791 μεγεθῶν
925 721 1017 775 καὶ
1056 721 1311 793 ἀνωτέρω
1352 729 1451 775 τοῦ
1484 723 1725 792 ὄμματος
1755 741 1863 775 κει-

174 810 357 882 μένων
395 813 462 865 τά
499 814 689 883 πόρρω
730 815 1086 882 ταπεινότερα
1125 815 1397 881 φαίνεται.

285 903 422 954 ἔστω
478 906 571 954 ἴσα
615 900 824 971 μεγέθη
879 902 945 954 τὰ
992 905 1127 970 ΑΒ,
1169 904 1292 969 ΓΔ,
1332 905 1438 954 ΕΖ
1492 903 1863 971 μετεωρότεροι

172 992 393 1059 κείμενα
425 997 525 1043 τοῦ
557 992 797 1059 ὄμματος
826 998 926 1043 τοῦ
958 993 1030 1043 Η.
1094 988 1252 1058 λέγω,
1286 990 1370 1043 ὄτι
1401 990 1462 1042 τὸ
1488 994 1541 1042 A
1550 992 1596 1041 Β
1630 995 1729 1041 τοῦ
1765 991 1865 1042 ΓΔ

172 1081 561 1150 ταπεινότερον
607 1082 886 1149 φαίνεται,
940 1080 1002 1132 τὸ
1056 1076 1117 1131 δὲ
1165 1081 1265 1131 ΓΔ
1389 1136 1391 1139 ,

86 1183 141 1225 10
172 1175 272 1221 τοῦ
316 1173 436 1222 ΕΖ.
511 1167 1004 1239 προσπιπτέτωσαν
1052 1167 1266 1229 ἀκτῖνες
1364 1164 1427 1213 A
1505 1164 1569 1212 Γ
1653 1163 1716 1212 1)

173 1259 236 1311 αἱ
261 1261 398 1329 ΗΒ,
428 1261 559 1327 HA,
591 1261 721 1310 HZ.
796 1255 910 1310 ε’πεὶ
950 1252 1117 1323 οὖνὴ
1150 1258 1263 1307 ΗΒ

174 1346 326 1410 ἀκτὶς
386 1355 482 1416 τῆς
535 1350 657 1400 HA
717 1346 832 1400 ἐστι
892 1343 1265 1415 ταπεινοτέρα,
1401 1342 1457 1394 B
1692 1342 1745 1391 Ζ

171 1435 205 1504 ἡ
246 1433 308 1489 δὲ
339 1439 459 1489 HA
497 1443 593 1505 τῆς
624 1439 755 1504 ΗΖ,
795 1434 916 1488 ἀλλ’
948 1434 1009 1488 ἐν
1040 1428 1085 1507 ᾦ
1123 1435 1266 1487 εἰσιν

173 1526 235 1578 αἱ
276 1528 416 1595 ΗΒ,
455 1529 592 1595 ΗΔ,
630 1528 769 1592 ΗΖ,
825 1524 886 1577 ἐν
930 1525 1107 1596 τούτῳ
1149 1521 1264 1576 ἐστὶ

85 1629 139 1669 15
170 1613 264 1668 καὶ
308 1615 376 1667 τὰ
414 1618 486 1684 Β,
526 1620 607 1682 Δ,
648 1618 693 1667 Ζ
740 1623 959 1683 σημεῖα,
1006 1613 1066 1666 έν
1113 1608 1156 1685 ᾧ
1203 1610 1264 1666 δὲ

171 1704 239 1757 τά
291 1707 364 1772 Β,
411 1708 491 1773 A,
539 1708 613 1771 Z,
683 1703 744 1756 ἐν
805 1704 982 1775 τούτῳ
1045 1701 1136 1755 καὶ
1196 1703 1263 1755 τὰ
1774 1733 1845 1783 Π

171 1796 307 1861 ΑΒ,
341 1795 463 1861 ΓΔ,
495 1796 600 1845 ΕΖ
639 1790 863 1861 μεγέθη,
910 1793 971 1845 τὸ
1011 1789 1113 1861 μὲν
1152 1795 1261 1845 AB

171 1883 278 1951 ἄρα
324 1889 423 1934 τοῦ
472 1883 574 1934 ΓΔ
627 1883 1015 1951 ταπεινότερον
1061 1867 1342 1950 φαίνεται,
1396 1882 1457 1934 τὸ
1506 1879 1566 1935 δὲ
1615 1885 1714 1935 ΓΔ
1762 1890 1863 1935 τοῦ

171 1975 277 2024 ΕΖ
321 1971 735 2041 [ταπεινότερόν
774 1970 964 2039 ἐστιν]

82 2149 143 2189 20
975 2139 1022 2171 ιδ
1048 2161 1060 2172 .

269 2223 405 2278 Ὅσα
443 2223 697 2293 ἀλλήλων
734 2222 985 2294 ὑπερέχει
1023 2224 1132 2277 ὑπὸ
1172 2224 1232 2277 τὸ
1273 2223 1407 2277 αὐτὸ
1448 2225 1593 2293 ὄμμα
1624 2226 1862 2294 κείμενα,

169 2315 501 2384 προσιόντος
545 2311 646 2383 μὲν
691 2320 792 2366 τοῦ
840 2314 1080 2382 ὄμματος
1126 2315 1332 2382 μείζονι
1374 2315 1558 2381 μεῖζον
1596 2313 1657 2366 τὸ
1696 2313 1862 2383 ὑπερ-

170 2406 512 2473 φαινόμενον
551 2404 824 2472 φαίνεται,
865 2401 1125 2463 ἀπιόντος
1163 2398 1224 2454 δὲ
1264 2401 1535 2455 έλάσσονι.

282 2494 420 2546 ε”στω
453 2491 557 2544 δύο
589 2493 754 2544 ἄνισα
785 2489 991 2559 μεγέθη
1023 2491 1090 2543 τὰ
1121 2495 1174 2543 Α
1183 2493 1249 2558 Β,
1275 2492 1391 2559 ΓΔ,
1422 2493 1605 2560 μεῖζον
1637 2487 1698 2543 δὲ
1723 2493 1859 2544 ἔστω

81 2592 139 2633 25
171 2583 233 2635 τὸ
259 2587 312 2634 Α
322 2585 386 2650 Β,
427 2583 574 2650 ὄμμα
605 2577 667 2633 δὲ
697 2582 834 2633 ἔστω
867 2580 928 2632 τὸ
953 2583 1019 2647 Ε,
1060 2578 1158 2649 ἀφ’
1195 2577 1263 2634 οὗ
1293 2578 1678 2650 προσπιπτέτω
1709 2577 1862 2642 ἀκτὶς

171 2671 265 2723 διὰ
303 2678 403 2723 τοῦ
437 2673 491 2723 Γ
519 2669 553 2738 ἡ
592 2673 713 2723 ΕΖ.
777 2667 892 2721 ἐπεὶ
931 2665 1034 2722 οὖν
1072 2668 1181 2722 ὑπὸ
1220 2676 1319 2722 τοῦ
1359 2670 1599 2737 ὄμματος
1635 2667 1727 2721 καὶ
1766 2676 1862 2737 τῆς

170 2763 276 2812 ΕΖ
308 2759 529 2822 ἀκτῖνος
559 2759 626 2811 τά
660 2746 780 2826 ΖΒ,
814 2760 915 2810 ΓΔ
946 2759 1220 2826 φαίνεται,
1259 2758 1320 2810 τὸ
1354 2761 1462 2810 AB
1495 2758 1603 2827 ἄρα
1633 2765 1732 2810 τοῦ
1760 2760 1860 2811 ΓΔ

293 2925 329 2964 1.
373 2917 492 2978 ἐστι’]
527 2916 614 2963 εἰσί
644 2933 703 2962 m.
859 2918 1043 2976 F(pr.)]
1087 2920 1141 2961 N
1165 2932 1206 2961 v.
1359 2909 1414 2976 ᾧ]
1449 2913 1519 2968 οἷς
1548 2931 1615 2974 m,
1656 2931 1769 2962 corr.
1803 2929 1862 2960 ex

168 2972 208 3038 ᾧ
238 2980 292 3025 V.
441 2983 492 3035 Γ,
527 2979 593 3036 Ε]
627 2991 650 3021 e
684 2991 797 3021 corr.
830 2977 885 3021 V.
1037 2982 1077 3021 2.
1110 2977 1291 3027 τούτοις
1320 2991 1380 3020 m.
1533 2982 1572 3020 3.
1617 2979 1698 3021 ΓΔ
1722 2975 1859 3034 (alt.)]
