1904 3184
508 110 772 154 SOHOLIA
801 112 868 154 m
899 112 1287 156 CATOPTRIGA.
1631 113 1741 167 349

50 231 148 286 ἂν
186 229 292 284 ἀπὸ
330 237 432 283 τοῦ
469 227 703 301 κέντρου
742 229 1102 302 ἐπιζεύξωμεν
1149 230 1238 286 ε’πὶ
1276 233 1378 302 τὴν
1418 232 1594 303 ἁφήν,
1642 235 1742 306 ὅλῃ

46 341 56 360 ³
151 318 262 373 ὑπὸ
292 321 363 388 Κ,
389 322 441 372 A
480 323 571 388 ἴση
611 321 763 372 ἔσται
801 319 836 389 ἡ
875 328 975 373 τοῦ
1013 316 1344 390 ἡμικυκλίου
1382 329 1448 392 τῇ
1487 329 1588 375 τοῦ
1619 322 1743 393 ἡμι-

154 411 280 462 λίου
312 413 404 476 ἴση
437 407 899 479 ἐφαρμοζομένου.
963 411 1125 479 λοιπὴ
1158 411 1264 481 ἄρα
1295 411 1330 481 ἡ
1365 415 1413 464 Θ
1449 419 1514 482 τῇ
1548 415 1599 464 Λ
1635 417 1742 481 ἴση,

161 513 210 566 9.
260 510 515 574 Ἀνίσους
550 530 601 580 p.
628 511 753 582 290,
784 511 876 582 17]
917 514 1094 581 ἤγουν
1125 512 1307 578 ὀξεῖαν
1336 512 1429 567 καὶ
1459 513 1743 585 ἀμβλεῖαν,

54 613 71 649 ’ῑ
123 621 183 672 ερ
223 603 435 669 γίνεται
471 603 719 668 πλαγίως
757 602 1153 671 εἰσβαλλούσης
1190 611 1287 673 τῆς
1325 603 1557 668 ἀκτῖνος.
1804 614 1831 654 5

163 707 248 759 10.
299 703 446 758 Ἐπεὶ
499 701 604 759 οὖν
657 705 691 774 ἡ
741 708 789 758 Θ
838 713 935 774 τῆς
976 710 1051 759 Μ
1088 709 1308 776 μείζων,
1363 709 1521 778 κοινὴ
1574 705 1743 779 προσ-ἰ

112 798 256 848 ίσθω
289 794 323 864 ἡ
354 797 425 863 Κ,
450 797 516 846 A.
577 794 682 847 δύο
714 795 822 864 ἄρα
853 796 915 847 αἱ
946 799 1008 864 Θ,
1034 798 1103 864 Κ,
1128 799 1179 848 A
1217 797 1320 849 δύο
1352 805 1463 849 τῶν
1492 800 1560 866 Κ,
1586 801 1654 866 Λ,
1679 801 1754 851 Μ

118 886 280 948 ίζους.
358 884 420 936 αἱ
455 879 516 935 δὲ
552 885 621 952 Κ,
654 886 723 951 Λ,
755 886 829 936 Μ
859 884 962 936 δύο
1001 883 1202 953 ὀρθαῖς
1243 889 1377 938 ἴσαι·
1417 887 1480 939 αἱ
1509 889 1574 954 Θ,
1597 889 1666 955 Κ,
1691 889 1745 940 Λ

67 993 160 1025 1ια
213 972 338 1043 δύο,
372 971 567 1043 ὀρθῶν
619 974 849 1041 μείζους.
942 973 1039 1035 τὰς
1094 969 1155 1026 δὲ
1210 972 1303 1026 ἀπ’
1347 973 1656 1028 ἐλαττόνων
1709 973 1743 1044 ἢ

68 1089 72 1103 ·
126 1071 211 1115 εῖν
248 1061 443 1131 ὀρθῶν
480 1064 826 1131 συμπίπτειν.
1775 1073 1832 1114 10

66 1175 70 1178 ’
165 1166 250 1220 11.
314 1167 573 1234 Σχόλιον.
644 1165 830 1235 ἐπειδὴ
878 1166 1007 1237 γάρ,
1064 1166 1162 1235 ’ὅση
1212 1164 1361 1220 ἐστὶν
1407 1167 1440 1236 ἡ
1488 1167 1593 1221 ἀπὸ
1644 1175 1744 1222 τοῦ

123 1274 294 1325 ματος
339 1253 429 1308 ε’πὶ
474 1256 537 1308 τὸ
577 1257 848 1325 ἔνοπτρον
887 1255 1103 1324 εὐθεῖα,
1151 1256 1388 1324 τοσαύτη
1428 1254 1542 1309 ἐστὶ
1580 1255 1673 1311 καὶ
1709 1256 1744 1326 ἡ

70 1342 515 1414 ντανακλωμένη
571 1343 678 1397 ἀπὸ
725 1351 824 1397 τοῦ
873 1344 1143 1414 ἐνόπτρου
1189 1345 1327 1414 πρὸς
1374 1350 1496 1408 ἴσας
1541 1348 1746 1414 γωνίας

105 1432 120 1455 ’
157 1441 193 1504 ᾗ
233 1434 328 1487 διὰ
365 1435 464 1488 τὸν
503 1433 654 1504 ὅρον,
694 1435 808 1486 ἔστι
848 1434 941 1486 διὰ
980 1440 1144 1486 τοῦτο
1183 1434 1217 1503 ἡ
1256 1430 1357 1503 μὲν
1396 1436 1508 1487 ΒΓ
1537 1443 1602 1506 τῇ
1643 1437 1746 1489 ΓΔ

72 1543 171 1593 η,
223 1522 257 1592 ἡ
305 1520 366 1576 δὲ
411 1526 516 1576 BA
560 1531 627 1594 τῇ
667 1526 801 1591 ΑΕ,
857 1522 1042 1592 ἐπειδὴ
1090 1524 1151 1576 τὸ
1199 1524 1343 1592 ὄμμα
1388 1523 1527 1594 πρὸς
1571 1531 1647 1597 τῷ
1694 1526 1742 1577 Β
1777 1530 1846 1572 15<

79 1632 222 1667 τιν.
283 1614 476 1674 ἄνισος
513 1607 576 1664 δὲ
613 1609 647 1679 ἡ
681 1613 795 1664 ΒΓ
823 1618 889 1681 τῇ
923 1614 1049 1663 ΒΑ·
1089 1611 1280 1674 ἄνισος
1318 1611 1424 1681 ἄρα
1456 1608 1546 1663 καὶ
1577 1609 1610 1679 ἡ
1646 1613 1746 1665 ΓΔ

151 1705 277 1755 AE.
340 1701 442 1754 οὐκ
481 1702 588 1770 ἄρα
627 1707 1037 1770 συμπεσοῦνται
1078 1699 1171 1752 διὰ
1210 1707 1373 1752 τοῦτο
1413 1700 1506 1752 διὰ
1544 1700 1607 1753 τὸ
1643 1701 1745 1770 τὴν

207 1793 428 1862 μείζονα
483 1786 650 1858 εἶναι,
704 1790 806 1858 τὴν
862 1786 923 1842 δὲ
978 1788 1254 1842 ἐλάττονα.
1352 1786 1482 1842 οὐδὲ
1539 1787 1746 1853 ἐξέσται

129 1877 288 1950 ξῆσαι
326 1880 429 1957 τὴν
462 1881 516 1932 Γ
508 1884 563 1932 Δ
601 1877 694 1932 καὶ
725 1878 954 1948 ἀγαγεῖν
993 1877 1095 1941 ἕως
1125 1885 1224 1931 τοῦ
1256 1882 1330 1931 Ε·
1370 1878 1607 1947 τοσαύτη
1639 1878 1744 1949 γὰρ

80 1975 200 2023 ναι
245 1958 481 2039 ὀφείλει,
534 1969 738 2039 ὅσηπερ
785 1966 878 2021 καὶ
915 1967 950 2037 ἡ
990 1970 1102 2021 ΒΓ
1142 1967 1335 2021 εὐθεῖα
1372 1967 1406 2036 ἡ
1446 1966 1618 2035 ἀκτίς,
1657 1986 1744 2020 το-
1777 1975 1836 2016 20

1 2072 3 2107 i
127 2058 262 2127 ύτης
292 2054 352 2111 δὲ
372 2058 542 2127 αὐτῆς
565 2056 927 2128 ὑποκειμένης
948 2058 1088 2128 πρὸς
1111 2058 1211 2126 τὴν
1236 2060 1349 2110 ΑΕ
1370 2056 1436 2109 οὐ
1461 2056 1745 2124 γενήσεται

0 2197 1 2207 ,
111 2146 387 2218 ’μπτωσις.

171 2251 256 2304 12.
288 2247 433 2304 Ἴσαι
457 2252 564 2321 ἄρα
588 2252 731 2304 εἰσίν
753 2270 803 2320 p.
822 2249 947 2320 294,
967 2248 1059 2319 17]
1092 2249 1229 2301 κατὰ
1252 2248 1313 2301 τὸ
1340 2246 1745 2317 ἐφαρμόζεσθαι

85 2367 108 2381 ’·
160 2339 469 2410 ἡμικύκλια.

306 2544 320 2570 ¹
367 2581 377 2590 .
410 2550 554 2649 1212?
588 2544 631 2630 Y
670 2544 749 2602 (ad
780 2557 910 2601 prop.
943 2548 971 2588 4
1002 2544 1122 2600 part.
1155 2543 1241 2599 pr.)
1274 2543 1351 2599 (q).
1463 2544 1531 2586 11.
1571 2539 1634 2584 V¹
1666 2538 1745 2597 (ad

471 2640 479 2648 .
563 2619 594 2660 q
621 2642 629 2650 .

98 2827 102 2830 -
166 2795 219 2843 ’2.
257 2796 373 2843 Post
404 2796 531 2843 ἔσται
562 2796 695 2841 deest
724 2796 754 2854 ἡ
788 2799 843 2852 Κ,
871 2797 924 2840 Θ.
965 2792 1082 2839 ἀλλ’.
1206 2799 1245 2838 5.
1267 2794 1378 2868 'vcia
1410 2789 1508 2851 ίως]
1540 2791 1595 2848 V,
1627 2789 1747 2837 πάν-

119 2880 142 2911 “
171 2870 304 2961 ΡΜ.
322 2857 665 2973 ἱειῖὲῖἔὲἶ·
683 2871 763 2960 322
791 2854 905 2960 ἔην·
975 2851 1342 2958 ιὲ.1·Αῗὶἱ2]οῗέέ
1373 2858 1481 2956 ai‘id.
1515 2850 1748 2969 ..1ξῆῗῦ
