1904 3184
400 97 762 148 -omconm
788 101 1089 148 Rssonusro
1120 100 1401 148 Tnnoms
1646 103 1753 158 199

62 225 251 279 oculus
296 224 357 277 in
405 228 453 278 Θ
495 228 746 294 ponatur.
815 224 935 278 dico
980 224 1176 296 igitur,
1226 227 1440 294 partem
1485 224 1754 279 minorem

64 313 189 368 coni
233 313 382 368 cerni
427 313 583 367 oculo
627 314 687 367 in
727 317 776 367 Θ
820 314 1002 384 posito
1043 331 1206 383 quam
1242 313 1303 366 111
1339 316 1406 367 Σ.
1486 314 1755 367 ducantur

60 402 209 456 enim
254 421 288 456 a
331 407 388 456 A
431 406 634 472 puncto
680 403 748 455 ad
797 405 867 472 Θ,
897 406 955 456 Σ
995 407 1198 472 puncta
1243 406 1381 474 ΑΘ,
1418 406 1542 456 ΑΣ
1583 404 1754 477 etad

983 480 986 481 *
1115 495 1196 562 Ν,
1249 495 1302 545 Λ
1371 492 1756 567 producantm.

1107 581 1292 650 itaque
1359 584 1542 651 partes
1608 580 1753 652 coni,

461 701 515 744 Θ
1106 687 1246 739 quae
1265 655 1574 740 cernuntur,
1590 669 1748 723 oculo

1106 758 1167 811 in
1195 762 1262 812 N
1291 754 1473 834 posito
1514 762 1569 812 et
1608 759 1668 811 in
1699 762 1752 812 A

748 549 790 597 Δ

1107 851 1310 917 puncto
1327 847 1640 917 inaequales
1662 848 1752 901 ad·-

967 957 1019 1002 Ε
1106 939 1315 1007 parent,
1346 939 1407 989 et'
1431 952 1568 1006 quae
1597 935 1665 989 ab
1691 939 1759 990 N

494 1012 557 1056 K
727 1013 734 1221 Ι
1108 1025 1368 1095 cernitur,
1425 1025 1605 1078 minor
1659 1025 1750 1078 ad-

1105 1118 1282 1184 paret,
1332 1114 1506 1167 maior
1551 1117 1749 1179 autem,

1109 1221 1244 1272 quae
1286 1204 1354 1256 ab
1402 1207 1454 1256 Α
1508 1188 1750 1256 cernitur

571 1225 816 1377 &lael
1107 1292 1289 1362 [prop.
1341 1291 1459 1362 31].
1558 1307 1749 1345 uerum

1114 1399 1250 1450 quae
1289 1381 1357 1434 ab
1396 1385 1463 1435 N
1497 1382 1753 1452 cernitur,

55 1467 296 1537 aequalis
358 1471 441 1521 est
507 1469 579 1539 ei,
647 1488 783 1538 quae
839 1489 878 1523 a
943 1474 990 1524 Θ
1052 1471 1312 1536 cernitur,
1375 1489 1509 1540 quae
1566 1474 1749 1523 autem

41 1556 127 1610 ‘ab
151 1560 204 1610 A
241 1557 493 1629 cernitur,
528 1558 596 1629 ei,
632 1571 771 1628 quae
811 1559 879 1612 ab
904 1563 971 1630 Σ,
1010 1563 1073 1613 111
1103 1559 1161 1612 111
1189 1559 1562 1631 propositione
1601 1577 1753 1629 prae-

42 1645 267 1699 *cedenti
305 1646 739 1702 demonstratum
775 1652 861 1702 est
901 1649 1074 1720 [prop.
1105 1649 1216 1719 32].
1278 1667 1409 1720 ergo
1449 1666 1575 1718 pars
1609 1647 1748 1717 coni,

10 1721 12 1805 ζ
56 1750 195 1804 quae
241 1736 499 1807 cernitur,
551 1737 730 1790 minor
783 1738 1007 1808 adparet
1062 1739 1217 1793 oculo
1266 1739 1333 1791 ad
1382 1741 1430 1790 Θ
1481 1740 1742 1807 punctum

44 1812 238 1894 sposito
277 1843 440 1895 quam
478 1825 547 1878 ad
585 1830 652 1879 Σ.

9 1926 12 1932 ·
44 1920 68 1950 f:

858 2052 943 2106 34.

62 2193 66 2210 ι
168 2163 225 2219 Si
260 2166 321 2219 in
359 2166 561 2222 circulo
593 2187 626 2221 a
665 2173 848 2223 centro
889 2171 957 2223 ad
993 2171 1217 2240 planum
1250 2169 1436 2223 circuli
1467 2169 1747 2239 perpendi-

10 2311 11 2314 ,
52 2253 252 2309 culatis
290 2260 439 2310 recta
478 2258 727 2329 erigitur,
779 2259 840 2311 in
884 2277 1052 2328 eaque
1100 2259 1287 2313 oculus
1335 2258 1581 2329 ponitur,
1637 2258 1748 2311 dia-

54 2343 214 2397 metri
252 2344 439 2399 circuli
478 2347 727 2416 aequales
769 2348 1041 2417 adparent.

165 2448 238 2502 sit
274 2449 420 2503 enim
458 2450 706 2522 0110111113,
743 2451 895 2504 cuius
935 2455 1182 2506 centrum
1215 2452 1286 2504 sit
1318 2454 1385 2522 Κ,
1425 2454 1479 2504 01
1519 2469 1550 2503 a
1582 2453 1641 2504 K
1675 2451 1743 2503 ad

55 2534 275 2607 planum
328 2538 515 2593 circuli
567 2540 1024 2611 perpendicularis
1081 2541 1322 2611 erigatur
1367 2543 1501 2610 ΚΒ,
1555 2540 1743 2593 oculus

10 2667 12 2670 ,
56 2628 236 2679 autem
273 2627 331 2680 in
368 2631 415 2681 Β
454 2633 713 2700 ponatur,
762 2630 1130 2699 ducanturque
1171 2629 1420 2682 diametri
1463 2630 1578 2698 ΓΑ,
1617 2632 1741 2682 ΔΖ.

10 2710 175 2767 4100
210 2714 394 2787 igitur,
433 2718 688 2788 adparere
729 2723 783 2771 A
795 2720 931 2772 Γ
958 2723 1012 2771 Δ
1024 2722 1083 2772 Ζ
1151 2718 1416 2772 ducantur
1448 2717 1594 2770 enim
1624 2720 1743 2788 BA,

9 2798 14 2842 Ι
51 2794 185 2880 ΒΖ,
219 2805 339 2886 ΒΓ,
376 2808 493 2860 ΒΔ.
569 2807 753 2879 itaque
801 2808 935 2860 duae
982 2811 1160 2861 rectae
1207 2809 1339 2875 ΒΚ,
1379 2808 1487 2859 ΚΖ
1534 2806 1741 2859 duabus

10 2885 12 2894 ⁴
45 2889 181 2962 ΒΚ,
202 2894 260 2945 K
265 2894 319 2946 Γ
347 2895 596 2965 aequales
630 2900 757 2950 sunt
788 2896 1032 2967 singulae
1066 2895 1310 2966 singulis,
1357 2913 1547 2948 uerum
1577 2894 1741 2948 etiam
