1904 3184
699 105 1088 151 CATOPTRIOA.
1625 104 1734 159 319

16 207 279 296 srefraffl,
317 229 569 280 cernatur
607 230 789 279 autem
825 231 882 279 A
889 230 961 297 E,
1002 230 1058 280 et
1097 245 1129 279 a
1170 230 1219 280 Θ
1257 230 1440 281 centro
1481 226 1548 279 ad
1585 231 1654 296 A,
1685 231 1740 280 Ε

16 310 309 371 ducantur
350 318 476 385 ΘΔ,
510 318 638 385 ΘΕ,
680 318 735 368 et
772 315 910 367 radii
948 315 1316 384 producantur
1353 315 1421 368 ad
1461 318 1527 385 Z,
1559 319 1639 385 H,
1679 320 1734 369 et

12 405 21 454 ἶ,
40 405 269 458 dueatur
304 403 487 474 imago
530 406 656 456 ZH.
731 403 918 473 itaque
956 408 1012 456 A
1058 403 1116 456 in
1154 407 1236 475 H,
1280 407 1334 457 E
1368 407 1551 458 autem
1589 404 1647 456 in
1687 408 1734 457 Z

12 479 25 549 ‘¹
37 493 276 563 adparet.
330 509 460 563 ergo
491 495 675 562 partes
707 491 925 545 dextrae
960 492 1227 563 sinistrae,
1265 492 1517 547 sinistrae
1551 497 1732 546 autem

10 1786 14 1808 ⁵
94 1786 248 1837 xtrae
280 1784 554 1854 adparent.
618 1783 753 1854 dico,
784 1801 900 1836 esse
924 1787 1043 1836 'EA
1066 1792 1123 1844 >
1150 1786 1202 1836 A
1213 1787 1271 1836 Z.
1327 1783 1553 1837 ducatur
1578 1784 1721 1838 enim

12 1868 14 1943 ᾗ
95 1890 124 1925 r
154 1877 208 1926 A
239 1892 424 1927 areum
457 1873 778 1944 contingens
811 1875 983 1926 ΡΑΚ.
1038 1873 1149 1926 iam
1182 1872 1436 1943 quoniam
1467 1877 1585 1944 BA,
1610 1878 1726 1927 AE

12 1983 14 2006 ι
42 1974 82 2007 ²·
150 1961 416 2015 ambitum
469 1963 720 2032 aequales
776 1962 1005 2034 angulos
1068 1962 1311 2016 efficiunt
1363 1966 1587 2032 propter
1639 1981 1718 2016 re-

47 2077 52 2129 J
90 2074 95 2096 τ
142 2051 370 2121 tionem,
422 2054 597 2105 KAP
644 2055 826 2105 autem
873 2051 1165 2122 contingit,
1220 2057 1253 2114 l,
1277 2055 1388 2104 EA
1400 2055 1445 2104 Z
1490 2051 1548 2104 in
1587 2052 1720 2106 duas

12 2169 15 2207 q
49 2165 84 2184 ·:
164 2159 210 2194 ·s
236 2140 486 2210 aequales
512 2140 718 2194 diuisus
744 2140 861 2194 erit.
917 2144 972 2194 et
1004 2143 1115 2203 LK
1141 2141 1368 2194 obtusus
1402 2144 1497 2194 est.
1555 2159 1718 2210 quare

161 2238 218 2291 >
242 2232 365 2283 KZ.
460 2230 645 2300 itaque
699 2230 872 2283 multo
927 2229 1102 2300 magis
1157 2232 1267 2294 ΕΛ
1290 2239 1345 2290 >
1372 2233 1424 2282 A
1435 2233 1494 2282 Z.
1587 2248 1716 2301 ergo

14 2318 89 2392 ſs·
115 2336 208 2390 go
243 2322 364 2372 ZH
395 2319 574 2372 minus
615 2339 647 2372 a
686 2318 905 2389 speculo
945 2319 1135 2389 distat3
1175 2319 1268 2372 sed
1304 2320 1447 2388 quod
1479 2319 1718 2373 cernitur

51 2410 159 2477 A,
196 2407 369 2461 maius
410 2412 506 2462 est.
1302 2398 1306 2402 ⁴

824 2543 910 2595 21.

18 2639 59 2717 γ’
136 2640 202 2695 In
255 2643 489 2714 speculis
546 2643 801 2698 connexis
846 2644 1031 2715 imago
1079 2643 1256 2697 minor
1303 2646 1386 2696 est
1433 2662 1519 2714 e0,
1574 2644 1712 2714 quod

17 2877 21 2896 ,
86 2788 90 2790 ἡ
134 2792 208 2874 sit
231 2820 375 2875 enim
390 2825 568 2876 ΑΟΓ
589 2822 866 2892 speculum
892 2839 1207 2892 connexum,
1232 2821 1418 2876 oculus
1444 2825 1626 2875 autem
1650 2824 1714 2892 B,

43 2900 55 2972 J
130 2908 267 2963 radii
312 2913 438 2982 BA,
478 2914 591 2965 ΒΓ
637 2912 702 2964 ad
747 2916 824 2982 A,
865 2915 917 2964 E
966 2910 1199 2965 refracti.
1287 2911 1470 2980 itaque
1517 2914 1628 2964 EA
1682 2930 1714 2964 a
