1904 3184
444 108 798 151 ovrmomm
827 107 1126 151 nncnusro
1157 107 1434 152 'rnnoms
1682 106 1788 162 167

92 233 209 285 ΒΓ.
272 247 402 301 ergo
433 227 834 299 magnitudines
869 227 1119 296 aequales
1153 227 1448 282 secundum
1488 228 1794 298 proportio-

44 343 51 364 ’τ
92 340 218 374 nem
258 318 642 373 distantiarum
679 335 792 370 non
833 320 1142 370 cernuntur.

926 466 974 518 9.

202 556 605 628 Magnitudines
636 555 999 625 rectangulae,
1039 573 1174 624 quae
1207 573 1235 608 e
1269 554 1532 608 distantia
1563 573 1789 608 cernun-

72 653 198 718 tur,
238 647 502 700 rotundae
545 646 817 715 adparent.

205 737 277 791 sit
315 736 459 789 enim
498 737 612 788 ΒΓ
640 734 1019 805 rectangulum
1058 737 1113 786 et
1153 752 1180 786 e
1221 734 1483 787 distantia
1523 738 1789 788 cernatur.

90 828 274 898 itaque
304 845 427 880 cum
452 825 649 895 omnia,
680 842 815 893 quae
848 826 1167 892 cernuntur,
1187 822 1590 893 longitudinem
1625 841 1789 892 quan-

89 917 215 970 dam
247 915 536 968 distantiae
567 913 824 983 habeant,
861 912 957 965 ubi
999 931 1122 966 cum
1153 911 1334 981 posita
1376 912 1500 982 sint,
1539 930 1652 965 non
1679 912 1790 966 iam

91 1009 396 1075 cernantur,
435 1003 665 1075 angulus
694 1004 747 1055 Γ
765 1020 879 1056 non
911 1001 1163 1070 cernitur,
1202 1004 1407 1070 puncta
1441 1005 1624 1055 autem
1648 1007 1718 1072 A,
1745 1005 1791 1054 Z

92 1095 210 1150 sola
241 1095 516 1164 adparent.
573 1097 628 1146 et
659 1111 722 1146 eo
793 1111 847 1144 m
880 1091 1040 1144 modo
1075 1090 1242 1143 etiam
1272 1090 1331 1142 in
1355 1091 1547 1144 ceteris
1573 1090 1788 1162 angulis

80 1185 195 1239 hoc
235 1184 461 1238 eueniet.
528 1200 657 1254 ergo
699 1185 819 1235 tota
857 1179 1176 1251 magnitudo
1216 1180 1452 1232 rotunda
1495 1179 1791 1249 adparebit.

1217 1304 1219 1308 ·
1305 1292 1340 1322 Γ

916 1330 997 1383 10.
1035 1314 1072 1372 ζ
1094 1319 1188 1361 (ἐή
1211 1322 1237 1357 Ι(
1299 1340 1368 1407 ῦὸ
1394 1350 1404 1366 ι.
1425 1357 1430 1365 2
1454 1344 1464 1359 f
1542 1335 1547 1340 '
1597 1304 1722 1368 ζ’(κασκι
1743 1346 1759 1383 Ι)

33 1436 37 1484 ὴ
97 1463 101 1467 -
206 1424 501 1477 Planorum
545 1420 689 1474 infra
737 1419 955 1472 oculum
996 1417 1302 1488 positorum
1349 1422 1532 1488 partes
1581 1419 1796 1490 longin-

34 1501 36 1522 ³
73 1514 316 1586 quiores
357 1511 699 1567 sublimiores
742 1499 1095 1579 adparebunt.

1015 1598 1087 1651 sit
1127 1597 1271 1650 enim
1310 1600 1357 1650 Β
1406 1597 1593 1651 oculus
1635 1616 1799 1667 supra

899 1688 1122 1757 planum
1167 1689 1280 1740 ΓΚ
1319 1687 1531 1756 positus
1543 1730 1557 1756 ,
1610 1705 1642 1739 a
1689 1705 1794 1756 quo

897 1776 1036 1830 radii
1075 1776 1326 1830 adcidant
1364 1778 1484 1846 ΒΓ,
1515 1779 1636 1847 ΒΔ,
1677 1779 1798 1846 ΒΖ,

897 1869 1023 1936 ΒΚ,
1061 1884 1291 1936 quorum
1323 1868 1439 1918 ΒΚ
1473 1866 1541 1919 ad
1570 1866 1794 1935 planum

898 1955 1180 2010 subiacens
1215 1955 1672 2025 perpendicularis
1707 1955 1792 2008 sit.

898 2044 1039 2115 dico,
1082 2047 1184 2098 ΓΔ
1215 2044 1502 2098 sublimius
1536 2044 1791 2115 adparere

898 2153 1062 2204 quam
1093 2138 1205 2187 AZ
1239 2138 1294 2188 et
1325 2138 1437 2187 AZ
1475 2152 1637 2203 quam
1672 2135 1793 2186 ZK.

902 2227 1148 2277 sumatur
1225 2223 1287 2298 in
1354 2226 1470 2276 ZK
1533 2226 1796 2292 punctum

902 2312 1121 2382 aliquod
1148 2316 1212 2382 E,
1252 2316 1306 2366 et
1336 2311 1795 2382 perpendicularis

903 2402 1130 2455 ducatur
1191 2404 1324 2455 EH.
1424 2405 1479 2454 et
1526 2400 1797 2471 quoniam

98 2487 237 2541 1·εείίί
282 2490 349 2542 εεί
387 2493 507 2543 HE
557 2489 707 2561 prius
755 2490 1011 2543 adcidunt
1067 2509 1230 2561 quam
1279 2491 1345 2543 ad
1391 2492 1518 2558 ΕΓ,
1573 2490 1639 2542 ad
1679 2492 1798 2542 HE

101 2575 315 2654 εείοἱᾶαίῑ
346 2579 503 2632 ΒΓ
487 2599 547 2632 1n
583 2583 789 2649 puncto
823 2582 901 2648 H,
955 2583 1058 2632 ΒΔ
1096 2580 1154 2632 in
1187 2583 1260 2650 A,
1299 2582 1404 2632 BZ
1442 2578 1501 2631 in
1532 2581 1611 2631 M.
1688 2577 1796 2631 iam

26 2578 30 2658 ἱ

26 2662 32 2753 i
106 2753 235 2799 -p.
269 2744 373 2798 168,
406 2745 447 2787 8.
519 2740 729 2801 αἰνεται]
778 2740 826 2784 in
866 2755 954 2786 ras.
996 2756 1055 2785 m.
1093 2755 1182 2786 rec.
1217 2741 1260 2785 V
1298 2740 1456 2797 (fuit.
1477 2746 1580 2785 ..ῐὶ
1619 2741 1794 2785 οὐκοῦν

8 2763 31 2863 Q]
102 2798 313 2844 τδνάπὸ
333 2807 451 2846 τοῦ.
478 2759 536 2859 gp.
505 2818 682 2859 μματος
705 2801 821 2857 πρὸς
844 2801 931 2845 τὸ.
954 2798 1214 2846 ,ἐπίπεδον
1239 2814 1411 2856 προσπι
1397 2807 1627 2844 ιπτουσῶν
1656 2803 1793 2857 .....).

164 2852 229 2902 ὧν
266 2884 322 2892 -
359 2875 404 2917 p.
448 2866 551 2918 168,
594 2867 633 2907 6
680 2861 794 2919 KZ]
852 2874 939 2905 om.
981 2875 1022 2905 v
1185 2865 1253 2904 22.
1308 2861 1421 2918 ZK]
1472 2863 1562 2905 KZ
1608 2858 1656 2903 in
1705 2858 1793 2903 lac.

27 2921 298 2975 ''.221)
419 2919 828 2980 23.γάρ]οῐη..Ρ
953 2919 1465 2979 24.ἡ]τῇΖΚὴν.
