1904 3184
302 55 368 98 m
398 53 751 96 OPTICORUM
779 52 1208 96 RECENSIONEM
1237 53 1514 98 THEONIS.
1645 53 1755 106 263

71 181 172 228 τοῦ
219 176 340 226 ΖΚ.
429 174 681 242 εἰλήφθω
730 172 835 242 γὰρ
885 170 972 225 ἐπὶ
1018 180 1114 242 τῆς
1162 176 1275 226 ΖΚ
1316 174 1486 242 τυχὸν
1533 184 1760 243 σημεῖον

73 264 136 317 τὸ
173 266 240 331 Ε,
277 260 369 315 καὶ
407 263 565 331 ἤχθω
603 262 742 332 πρὸς
780 260 958 332 ὀρθὰς
996 270 1061 332 τῇ
1103 265 1216 315 ΖΚ
1249 263 1282 332 ἡ
1321 265 1451 315 ΕΗ.
1512 261 1604 315 καὶ
1645 262 1760 316 ἐπεὶ

10 413 12 426 ξ
71 353 136 406 αἱ
167 350 322 416 ὄψεις
357 353 630 422 πρότερον
667 351 805 421 πρὸς
843 351 944 419 τὴν
975 354 1095 403 ΗΕ
1141 354 1584 422 προσπίπτουσιν
1622 352 1758 421 ἤπερ

8 498 11 503 ,
69 441 208 511 πρὸς
245 442 346 510 τὴν
384 443 512 509 ΕΓ,
566 438 945 510 προσπιπτέτω
994 449 1059 511 τῇ
1098 444 1219 493 ΗΕ
1261 440 1294 509 ἡ
1333 437 1434 510 μὲν
1472 442 1586 492 ΒΓ
1622 441 1760 492 κατὰ

74 530 136 583 τὸ
174 532 241 582 Η
279 537 529 598 σημεῖον,
584 529 617 597 ἡ
658 525 718 581 δὲ
758 532 862 581 ΒΔ
899 529 1036 581 κατὰ
1075 530 1136 582 τὸ
1170 531 1245 597 Λ,
1299 527 1332 597 ἡ
1373 525 1434 582 δὲ
1471 532 1577 581 ΒΖ
1623 530 1760 582 κατὰ
1821 541 1846 579 5

71 619 134 672 τὸ
172 621 251 671 Μ
330 615 444 670 ἐπεὶ
481 614 587 671 οὗν
626 618 687 670 τὸ
723 621 793 670 Η
831 625 931 670 τοῦ
970 621 1024 670 Λ
1069 620 1471 689 μετεωρότερον
1510 617 1649 687 ἐστι,
1696 619 1757 672 τὸ

73 704 135 760 δὲ
173 710 225 760 Λ
262 714 362 759 τοῦ
401 710 490 775 Μ,
545 704 667 759 ἀλλ’
704 705 763 759 ἐν
802 701 846 778 ᾦ
887 705 1001 759 ἐστι
1040 708 1101 760 τὸ
1141 711 1223 776 Η,
1279 706 1338 760 ἐν
1377 708 1553 780 τούτῳ
1593 707 1655 760 τὸ
1697 710 1758 776 Γ,

70 797 132 852 ἐν
169 791 214 869 ᾧ
253 794 314 849 δὲ
352 797 414 849 τὸ
455 799 529 864 Λ,
585 795 645 848 ἐν
691 796 867 868 τούτῳ
916 797 977 849 τὸ
1017 801 1095 865 Δ,
1151 795 1211 849 ἐν
1256 790 1301 869 ᾦ
1349 793 1410 850 δὲ
1453 798 1513 850 τὸ
1554 800 1643 866 Μ,
1698 796 1759 850 ἐν

69 887 245 958 τούτῳ
281 886 343 939 τὸ
378 889 439 954 Ζ,
479 885 572 938 διὰ
605 882 665 938 δὲ
695 893 809 937 τῶν
841 887 963 954 ΒΓ,
994 889 1100 938 ΒΛ
1137 884 1170 953 ἡ
1203 891 1257 938 A
1268 888 1321 938 Γ
1352 889 1623 955 φαίνεται,
1664 886 1759 939 διὰ

70 972 132 1029 δὲ
169 985 280 1028 τῶν
320 978 439 1044 ΒΛ,
471 978 577 1027 ΒΖ
616 974 649 1043 ἡ
692 978 826 1043 ΖΛ,
874 975 967 1026 διὰ
1006 971 1067 1027 δὲ
1105 983 1216 1027 τῶν
1255 978 1377 1043 ΒΖ,
1408 978 1523 1027 RK
1556 975 1590 1044 ἡ
1630 978 1757 1044 ΚΖ,
1791 984 1847 1025 10

69 1064 276 1118 οὐκοῦν
321 1063 355 1132 ἡ
401 1061 501 1133 μὲν
542 1066 643 1116 ΓΔ
689 1071 785 1132 τῆς
822 1067 877 1116 Δ
889 1067 934 1115 Ζ
981 1061 1350 1134 μετεωροτέρα
1397 1066 1675 1133 φαίνεται,
1721 1063 1755 1132 ἡ

70 1151 131 1207 δὲ
167 1158 222 1206 Δ
235 1157 279 1206 Ζ
324 1160 419 1222 τῆς
460 1156 594 1206 ΖΚ·
649 1152 716 1205 τὰ
763 1153 867 1223 γὰρ
915 1151 1023 1206 ὑπὸ
1063 1151 1478 1223 μετεωροτέρων
1518 1152 1758 1206 ἀκτίνων

69 1242 319 1313 ὁρώμενα
371 1244 740 1313 μετεωρότεροι
789 1244 1059 1310 φαίνεται.
1152 1251 1263 1295 τῶν
1310 1243 1416 1313 ἄρα
1462 1241 1608 1295 κάτω
1656 1249 1756 1295 τοῦ

69 1331 309 1403 ὄμματος
344 1331 612 1402 κειμένων
649 1330 742 1384 καὶ
781 1332 847 1383 τὰ
888 1329 1023 1400 ἑξῆς.

0 1419 6 1524 1
708 1479 795 1532 Ad
832 1498 983 1549 prop.
1024 1479 1118 1532 XI.
1791 1487 1845 1527 15

0 1555 4 1688 i
179 1586 264 1638 29.
327 1584 513 1638 Πάλιν
568 1583 664 1637 ἐὰν
718 1583 927 1654 ἀγάγῃς
970 1583 1324 1653 παράλληλον
1378 1583 1606 1636 εὐθεῖαν
1662 1583 1755 1636 διὰ

0 1690 4 1777 ἶ
67 1681 167 1728 τοῦ
207 1677 267 1744 Γ,
306 1675 553 1745 φανερὸν
592 1675 744 1726 ἔσται
783 1672 888 1726 ἀπὸ
928 1681 1040 1725 τῶν
1080 1674 1333 1741 σημείων.

0 1889 3 1949 Ι

694 1821 781 1875 Ad
818 1839 969 1892 prop.
1010 1819 1130 1873 XII.

179 1928 263 1981 30.
326 1930 501 1980 Τοῦτο
541 1927 616 1990 ὡς
654 1925 759 1979 ἀπὸ
799 1933 899 1978 τοῦ
939 1923 992 1982 ς’
1025 1925 1412 1996 φανερώτερον
1451 1927 1676 1993 γίνεται.

687 2072 775 2127 Ad
811 2091 963 2143 prop.
1003 2071 1144 2128 XIV.
1786 2081 1843 2121 20

178 2181 263 2234 31.
314 2178 732 2249 Ἀντίστροφον·
781 2176 893 2230 ἐκεῖ
933 2173 1034 2246 μὲν
1080 2178 1185 2248 γὰρ
1223 2176 1332 2230 ὑπὸ
1372 2183 1471 2229 τοῦ
1512 2174 1754 2245 ὄμματος

67 2265 228 2338 ἐτέθη
267 2269 334 2322 τὰ
371 2266 603 2338 μεγέθη,
643 2274 750 2320 νῦν
789 2263 850 2319 δὲ
890 2267 1004 2319 ἄνω
1045 2274 1144 2319 τοῦ
1185 2265 1440 2336 ὄμματος.

687 2412 774 2467 Ad
811 2432 963 2484 prop.
1003 2412 1144 2467 XVI.

179 2521 261 2573 32.
313 2518 733 2590 Ἀντίστροφον,
781 2518 855 2581 ὡς
900 2519 951 2571 εἰ
995 2519 1226 2586 νοηθείη
1273 2517 1334 2570 τὸ
1376 2523 1554 2586 σχῆμα
1591 2535 1750 2585 μετα-

69 2606 358 2678 τνθέμενον
397 2610 511 2662 ἄνω
551 2608 712 2661 κάτω.
1784 2614 1840 2654 25

151 2778 157 2785 .
185 2743 254 2784 29.
286 2739 498 2796 VVat.q.
622 2743 691 2783 30.
725 2738 937 2793 VVat.q.
1061 2741 1130 2781 31.
1164 2735 1240 2780 V¹.
1364 2740 1434 2780 32.
1468 2736 1544 2781 V¹.

69 2815 215 2824 ——

185 2862 226 2903 4.
260 2860 375 2918 ΒΓ]
411 2863 445 2903 Β
477 2873 502 2903 e
534 2873 647 2903 corr.
681 2873 724 2914 q.
849 2862 917 2901 21.
951 2854 1062 2913 ὑπό]
1095 2854 1352 2911 ὑπότερονῖ
1382 2855 1461 2900 V¹.
