1904 3184
211 100 318 154 218
559 103 910 146 OPTICORUM
939 105 1238 148 RECENSIO
1270 105 1550 149 THEONIS.

211 221 389 292 ὀρθὰς
435 223 573 293 πρὸς
618 223 680 276 τὸ
718 222 1085 293 ὑποκείμενον
1125 223 1407 293 ἐπίπεδον,
1461 226 1607 295 ὄμμα
1655 222 1716 278 δὲ
1762 228 1899 279 ἔστω

210 312 272 364 τὸ
314 314 384 381 Γ,
430 310 522 364 καὶ
570 310 778 384 κέντρῳ
825 309 927 381 μὲν
964 309 1040 385 τῷ
1081 317 1153 382 Β,
1202 313 1527 383 διαστήματι
1575 310 1636 366 δὲ
1680 322 1756 387 τῷ
1795 316 1904 367 ΒΓ

209 401 410 463 κύκλος
455 400 760 471 γεγράφθω
800 400 829 454 ὁ
864 403 977 454 ΓΛ.
1055 400 1221 471 λέγω,
1270 402 1378 471 ὅτι,
1427 401 1524 455 ἐὰν
1563 403 1624 456 τὸ
1670 405 1724 456 Γ
1763 409 1899 472 μεθ-

212 497 425 559 ιστῆται
487 489 574 543 ἐπὶ
639 490 846 543 κύκλου
908 493 1283 561 περιφερείας,
1348 496 1470 544 ἴσον
1526 489 1609 544 ἀεὶ
1670 492 1732 545 τὸ
1787 495 1898 545 ΑΒ

152 591 178 630 5
211 581 530 649 φανήσεται.
615 586 780 631 τοῦτο
838 575 898 632 δὲ
944 581 1191 649 φανερόν
1239 579 1409 633 ἐστιν·
1474 587 1643 633 πᾶσαι
1689 581 1794 651 γὰρ
1842 581 1904 634 αἱ

212 668 317 722 ἀπὸ
352 676 452 721 τοῦ
478 670 532 721 Γ
554 670 782 737 σημείου
813 668 952 739 πρὸς
982 669 1044 722 τὸ
1069 672 1180 721 ΑΒ
1210 671 1654 740 προσπίπτουσαι
1685 669 1904 733 ἀκτῖνες

170 796 181 804 .
208 757 348 827 πρὸς
396 762 516 820 ἴσας
563 760 769 825 γωνίας
818 760 1285 827 προσπίπτουσιν,
1341 757 1630 829 ἐπειδήπερ
1681 757 1714 827 ἡ
1761 760 1904 829 πρὸς,

209 853 284 918 τῷ
324 850 372 899 Β
419 846 565 918 ὀρθή
605 845 768 899 ἐστιν.
847 851 971 899 ἴσον
1010 848 1116 918 ἄρα
1155 847 1216 900 τὸ
1257 846 1539 917 ὁρώμενον
1578 849 1904 917 φανήσεται,

1014 1036 1088 1108 μ’·
1899 1033 1904 1074 ³

122 1156 177 1195 10
317 1140 444 1195 Ἐὰν
483 1139 544 1196 δὲ
581 1143 643 1196 τὸ
683 1142 967 1213 ὁρώμενον
998 1141 1234 1212 μέγεθος
1271 1143 1344 1212 μὴ
1376 1143 1515 1213 πρὸς
1545 1142 1723 1213 ὀρθὰς
1755 1138 1790 1214 ᾗ
1821 1162 1872 1216 τ,

206 1230 546 1304 ὑποκειμένῳ
596 1230 858 1304 ἐπιπέδῳ,
906 1237 1231 1301 μεθιστῆται
1271 1228 1331 1284 δὲ
1374 1229 1461 1284 ἐπὶ
1500 1232 1707 1285 κύκλου
1746 1250 1870 1303 περι

208 1323 454 1391 φερειάς,
494 1321 690 1373 ἄνισον
729 1318 812 1373 ἀεὶ
852 1319 1176 1390 ὀφθήσεται.

318 1411 454 1463 ἔστω
508 1410 711 1472 κύκλος
765 1409 794 1463 ὁ
842 1414 895 1462 A
910 1413 980 1479 Θ,
1033 1408 1125 1463 καὶ
1171 1411 1423 1478 εἰλήφθω
1472 1407 1558 1462 ἐπὶ
1605 1417 1701 1479 τῆς
1746 1428 1869 1481 περι

206 1501 430 1570 φερείας
475 1498 646 1552 αὐτοῦ
686 1508 914 1568 σημεῖον
951 1499 1013 1552 τὸ
1052 1503 1131 1567 Δ,
1178 1496 1270 1551 καὶ
1316 1497 1593 1551 ἀνεστάτω
1640 1500 1712 1568 μὴ
1759 1499 1866 1571 πρὸ

119 1600 173 1640 15
206 1587 385 1657 ὀρθὰς
430 1596 505 1660 τςό
545 1589 728 1661 κύκλῳ
776 1588 969 1641 εὐθεῖα
1011 1587 1044 1656 ἡ
1084 1592 1139 1641 Δ
1150 1591 1219 1656 Ζ,
1267 1585 1414 1657 ὄμμα
1454 1584 1514 1640 δὲ
1554 1589 1690 1641 ἔστω
1730 1589 1791 1641 τὸ

206 1675 364 1746 λέγω,
405 1678 487 1731 ὅτι
527 1676 560 1745 ἡ
595 1682 650 1730 Δ
662 1681 723 1745 Ζ,
764 1675 860 1730 ἐὰν
900 1675 987 1730 ἐπὶ
1026 1685 1122 1746 τῆς
1160 1684 1260 1730 τοῦ
1298 1677 1506 1730 κύκλου
1545 1679 1866 1747 περιφερειά

205 1771 553 1835 μεθιστῆται,
593 1762 722 1818 ποτε
762 1769 961 1835 μείζων
1000 1767 1329 1835 φανήσεται,
1366 1762 1498 1818 ποτὲ
1537 1765 1800 1819 ἐλάσσων.

316 1856 436 1923 ἤτοι
478 1856 546 1924 δὴ
586 1853 619 1923 ἡ
660 1859 715 1907 Α
727 1858 771 1907 Ζ
817 1857 1015 1924 μείζων
1063 1853 1176 1908 ἐστὶ
1215 1862 1311 1924 τῆς
1351 1853 1409 1907 ἐκ
1449 1861 1549 1907 τοῦ
1588 1853 1820 1926 κέντρου

208 1948 296 2013 ἴση
336 1942 370 2012 ἢ
411 1943 674 1998 ἐλάσσων.
737 1946 873 1997 ἔστω
913 1946 1184 2015 πρότερον
1221 1946 1435 2014 μείζων,
1473 1942 1566 1997 καὶ
1604 1944 1761 2013 ἤχθω
1802 1945 1857 1997 δι

115 2046 172 2085 20
204 2041 303 2086 τοῦ
348 2037 402 2086 Ε
443 2032 675 2103 κέντρου
715 2041 780 2103 τῇ
821 2037 932 2086 ΔΖ
979 2033 1328 2104 παράλληλος
1369 2031 1403 2101 ἡ
1443 2035 1570 2101 ΕΓ,
1624 2030 1716 2086 καὶ
1755 2035 1847 2086 ἔστ

206 2128 295 2192 ἴση
334 2130 399 2193 τῇ
439 2127 494 2175 Δ
506 2126 550 2175 Ζ
589 2121 622 2190 ἡ
664 2125 784 2191 ΕΓ,
832 2121 923 2175 καὶ
971 2123 1128 2192 ἤχθω
1170 2121 1276 2175 ἀπὸ
1315 2129 1414 2175 τοῦ
1456 2124 1510 2175 Γ
1539 2123 1766 2191 σημείου
1805 2121 1833 2175 ἐ

202 2213 264 2265 τὸ
317 2211 680 2281 ὑποκείμενον
742 2211 1002 2265 ἐπίπεδον
1062 2211 1298 2275 κάθετος
1348 2210 1382 2279 ἡ
1440 2213 1560 2264 ΓΗ
1611 2209 1703 2263 καὶ
1757 2224 1826 2264 συ

202 2300 444 2370 βαλλέτω
499 2308 574 2373 τῷ
623 2299 860 2373 ἐπιπέδῳ
914 2302 1052 2354 κατὰ
1106 2301 1167 2354 τὸ
1215 2303 1281 2353 Η
1327 2309 1577 2369 σημεῖον,
1634 2298 1727 2353 καὶ
1778 2299 1844 2353 ἐπ

205 2393 492 2459 ζευχθεῖσα
552 2390 585 2459 ἡ
640 2393 770 2442 ΕΗ
831 2389 1183 2459 ἐκβεβλήσθω
1254 2387 1346 2442 καὶ
1407 2387 1761 2458 συμβαλλέτω
1824 2407 1856 2442 τ

114 2489 170 2529 25
202 2481 523 2551 περιφερείᾳ
581 2479 718 2568 κατὀὶ
779 2479 840 2531 τὸ
895 2483 973 2547 Α,
1034 2477 1126 2531 καὶ
1187 2479 1344 2547 ἤχθω
1401 2478 1494 2530 διὰ
1554 2485 1654 2530 τοῦ
1709 2482 1763 2530 Α
1823 2495 1857 2530 τ

321 2674 359 2712 5.
392 2668 538 2712 τούτω
562 2683 604 2711 v.
698 2667 792 2712 ἐστι
822 2683 866 2724 p.
976 2673 1016 2712 6.
1048 2667 1120 2726 τό]
1154 2682 1266 2713 corr.
1301 2681 1358 2711 ex
1387 2671 1449 2727 τῷ
1479 2683 1540 2711 m.
1572 2680 1663 2711 reo.
1696 2667 1751 2711 V.
1878 2695 1881 2697 -

202 2727 273 2786 μ’]
307 2727 381 2783 με’
405 2742 450 2783 p,
484 2727 566 2782 μδ’
590 2727 683 2771 Vv.
809 2732 877 2771 11.
911 2725 982 2786 δέ]
1015 2724 1067 2771 δὲ
1099 2727 1150 2771 τὸ
1184 2729 1261 2783 (τω
1285 2730 1330 2783 v)
1364 2727 1600 2783 ὁρώμενον
1631 2741 1713 2783 vp.
1816 2730 1839 2769 1

199 2787 313 2830 Post
345 2786 608 2844 ὀφθήσεται
640 2786 746 2830 add.
780 2785 901 2831 κατὰ
924 2785 1220 2843 παράλληλον
1252 2784 1389 2831 θέσιν
1420 2793 1476 2845 τῇ
1509 2785 1556 2838 ἐξ
1581 2786 1726 2844 ἀρχῆς
1749 2800 1831 2841 μετ

201 2847 368 2903 βαῖνον
399 2861 491 2902 mg.
524 2861 584 2890 m.
618 2850 644 2888 2
676 2861 718 2889 v.
873 2851 940 2890 14.
975 2843 1165 2902 σημείου
1196 2861 1238 2890 v.
1393 2850 1461 2890 17.
1502 2845 1616 2888 Post
1645 2842 1758 2889 ποτέ
1782 2846 1855 2901 (pr

202 2905 290 2950 del.
325 2902 408 2962 μέν
439 2920 484 2961 p.
608 2906 761 2962 μεῖζον
793 2920 834 2949 v.
982 2909 1049 2950 18.
1087 2904 1190 2961 ἤτοι
1222 2905 1301 2964 δή]
1334 2903 1363 2962 ἢ
1397 2902 1451 2949 δέ
1482 2919 1506 2949 e
1540 2918 1652 2948 corr.
1686 2919 1734 2962 v,
1782 2903 1884 2993 ‘1'in

465 2987 493 3017 x
1855 3002 1868 3007 ,

1847 3088 1888 3184 ss
