1904 3184
81 1171 138 1211 10

82 1615 136 1655 15

79 2134 137 2175 20

169 107 276 160 326
825 106 1212 150 CATOPTRICA.

280 230 417 281 ἔστω
448 228 657 298 κυρτὸν
689 229 958 297 ἔνοπτρον
989 227 1051 279 τὸ
1083 229 1210 295 ΑΓ,
1243 228 1388 296 ὄμμα
1419 223 1480 279 δὲ
1511 226 1573 279 τὸ
1604 230 1670 294 Ε,
1709 227 1862 290 ὄψεις

169 315 231 370 δὲ
271 316 652 386 ἀνακλώμεναι
692 317 754 368 αἱ
787 319 923 383 ΕΑ,
955 317 1068 368 ΕΓ
1106 313 1194 368 ἐπὶ
1240 316 1306 368 τὰ
1344 319 1423 383 Δ,
1456 318 1527 383 Β,
1573 315 1607 384 ἡ
1656 312 1717 368 δὲ
1758 318 1864 367 ΖΕ

171 404 528 475 ἀνακλωμένη
568 403 644 457 δι’
681 402 879 473 ἑαυτῆς
917 402 1004 456 ἐπὶ
1043 405 1104 457 τὸ
1143 408 1206 457 Ε.
1284 404 1491 456 οὐκοῦν
1529 413 1640 457 τῶν
1679 405 1861 468 ὄψεων

170 493 418 565 μέγισται
466 492 568 563 μέν
605 495 711 546 εἰσι
758 501 833 565 τῷ
872 494 1028 562 μήκει
1076 494 1138 546 αί
1170 493 1531 564 πορρωτάτω,
1585 491 1860 562 ἐλάχισται

171 581 232 637 δὲ
278 585 339 636 αἱ
379 584 516 636 κατὰ
563 581 756 652 μέσον,
811 583 992 653 ὥσπερ
1038 581 1072 650 ἡ
1112 586 1231 635 ΕΖ.
1308 585 1562 652 φαίνεται
1608 583 1715 653 ἄρα
1761 590 1860 635 τοῦ

168 671 439 743 ἐνόπτρου
487 673 674 740 ἔγγιον
719 675 930 741 μᾶλλον
976 672 1036 724 τὸ
1085 675 1156 739 Ε,
1216 671 1552 742 πορρωτάτω
1599 668 1659 724 δὲ
1704 672 1766 724 τὸ
1813 675 1859 724 Β

167 759 260 814 καὶ
298 762 361 815 τὸ
399 765 469 814 Δ.
546 761 685 813 ὥστε
723 760 854 813 ὅλον
893 761 1098 831 κυρτὸν
1137 763 1406 829 φαίνεται.

966 966 1073 1021 κδ’.

275 1070 366 1125 Ἐν
404 1082 521 1135 τοῖς
559 1074 768 1135 κοίλοις
808 1071 1093 1142 ἐνόπτροις
1133 1070 1230 1124 ἐὰν
1271 1069 1358 1124 ἐπὶ
1397 1078 1497 1124 τοῦ
1526 1070 1757 1143 κέντρου
1798 1073 1858 1125 τὸ

169 1161 315 1231 ὄμμα
353 1167 514 1232 τεθῇ,
554 1161 688 1214 αὐτὸ
728 1163 902 1231 μόνον
941 1164 1196 1231 φαίνεται
1236 1162 1297 1214 τὸ
1338 1162 1497 1230 ὄμμα.

280 1252 418 1304 ἔστω
457 1254 650 1304 κοῖλον
690 1253 958 1322 ἔνοπτρον
996 1252 1058 1304 τὸ
1098 1253 1280 1318 ΑΓΛ,
1318 1249 1549 1322 κέντρον
1588 1248 1649 1303 δὲ
1687 1250 1859 1303 αὐτοῦ

167 1340 229 1393 τὸ
269 1342 342 1409 Β,
396 1341 551 1404 ὄψεις
597 1336 658 1392 δὲ
703 1341 765 1393 αἱ
807 1343 935 1409 BA,
974 1341 1103 1409 ΒΓ,
1143 1342 1261 1392 ΒΔ.
1346 1339 1553 1393 οὐκοῦν
1601 1344 1690 1408 ἴση
1736 1338 1771 1408 ἡ
1811 1343 1862 1392 Ε

167 1431 343 1497 γωνία
388 1438 453 1500 τῇ
500 1432 558 1481 Ζ.
650 1428 765 1498 ἥξει
812 1430 919 1500 ἄρα
966 1427 1323 1498 ἀνακλωμένη
1369 1428 1402 1497 ἡ
1444 1430 1555 1481 ΒΓ
1601 1430 1727 1493 ὄψις
1773 1427 1858 1481 ἐπὶ

167 1518 229 1571 τὸ
276 1521 339 1570 Β.
424 1518 627 1587 ὁμοίως
681 1515 742 1571 δὲ
794 1517 887 1571 καὶ
940 1519 1002 1571 αἱ
1051 1521 1252 1571 λοιπαί.
1337 1518 1471 1571 αὐτὸ
1526 1519 1700 1587 μόνον
1752 1519 1859 1589 ἄρα

168 1605 361 1678 ὁρᾶται
400 1607 462 1660 τὸ
502 1610 566 1660 Β.

969 1775 1027 1808 κε
1054 1796 1065 1807 .

276 1857 366 1912 Ἐν
403 1869 520 1922 τοῖς
557 1862 765 1922 κοίλοις
805 1859 1091 1930 ἑνόπτροις
1130 1859 1227 1912 ἐὰν
1264 1858 1351 1912 ἐπὶ
1383 1866 1479 1928 τῆς
1509 1861 1859 1929 περιφερείας
1899 1851 1904 1892 ἶ

166 1953 276 2018 θῇς
322 1949 384 2001 τὸ
424 1950 570 2018 ὄμμα
616 1947 650 2017 ἢ
690 1947 789 2012 ἔξω
836 1957 932 2018 τῆς
969 1951 1341 2020 περιφερείας,
1388 1949 1456 2002 οὐ
1495 1950 1749 2018 φαίνεται
1795 1949 1904 2002 τὸ·4

168 2035 329 2107 ὄμμα.
1901 2030 1904 2034 ’

280 2129 416 2180 ἔστω
448 2131 638 2181 κοῖλον
670 2130 938 2198 ἔνοπτρον
970 2129 1030 2180 τὸ
1056 2129 1240 2196 ΑΓΒ,
1270 2125 1362 2179 καὶ
1395 2126 1455 2179 τὸ
1479 2125 1626 2195 ὄμμα
1649 2129 1855 2179 κείσθω
1890 2139 1894 2143 ’

169 2213 257 2267 ἐπὶ
294 2223 391 2285 τῆς
428 2219 779 2287 περιφερείας
816 2217 989 2269 αὐτοῦ
1028 2217 1090 2269 τὸ
1131 2219 1196 2284 Β,
1236 2214 1390 2279 ὄψεις
1427 2212 1489 2267 δὲ
1526 2214 1856 2286 προσπιπτέ-

167 2318 352 2358 τωσαν
391 2307 454 2358 αἱ
487 2309 608 2374 BA,
641 2309 753 2359 ΒΓ
782 2305 874 2359 καὶ
914 2305 1430 2358 ἀνακεκλάσθωσαν.
1499 2304 1706 2357 οὐκοῦν
1743 2307 1856 2373 μεί-

169 2395 275 2457 ζων
315 2392 464 2447 ἐστὶν
502 2394 535 2462 ἡ
575 2391 676 2464 μὲν
715 2398 840 2447 ΜΘ
877 2398 1051 2462 γωνία
1090 2402 1186 2463 τῆς
1224 2397 1299 2462 Κ,
1339 2392 1372 2461 ἡ
1413 2390 1473 2446 δὲ
1511 2397 1621 2446 ΕΛ
1659 2401 1754 2462 τῆς
1795 2397 1854 2446 Ζ.
1884 2298 1901 2402 j

1885 2481 1893 2511 ἱ

1879 2531 1894 2627 ἑ

286 2618 327 2658 2.
363 2615 468 2673 EA]
502 2617 592 2659 ΕΛ
615 2615 677 2660 Μ.
771 2618 810 2659 3.
847 2613 1052 2686 ἑαυτῆς]
1064 2614 1207 2670 αὑτῆς
1230 2611 1291 2658 M.
1384 2616 1425 2656 4.
1459 2611 1574 2656 εἰσιν
1598 2611 1690 2656 Vv.
1756 2611 1891 2686 αι]·’

168 2686 282 2716 corr.
309 2686 366 2716 ex
397 2689 419 2717 ε
449 2689 491 2718 v.
584 2672 864 2730 πορρωτάτω
888 2680 971 2717 τοῦ
996 2671 1137 2729 μέσου
1168 2687 1228 2717 111.
1330 2677 1369 2716 5.
1402 2669 1542 2729 κατά]
1575 2670 1695 2716 κατὰ
1717 2670 1768 2715 τό
1793 2685 1852 2716 111

226 2731 255 2788 ἡ
275 2733 381 2806 ΕΖ]
407 2746 522 2777 corr.
540 2747 598 2777 ex
619 2734 648 2790 ἡ
668 2734 764 2782 ΕΞ
783 2748 824 2790 V,
851 2732 1064 2778 ἐνταῦθα
1090 2730 1298 2789 μέγισται
1322 2729 1406 2788 μέν
1432 2731 1548 2775 εἰσιν
1573 2729 1625 2774 αἱ
1641 2735 1735 2786 ΔΑ,
1754 2733 1878 2784 ΒΓ,

169 2789 379 2864 ἐλαχίστη
414 2790 465 2836 δὲ
496 2793 526 2849 ἡ
561 2795 648 2837 ΕΖ
678 2808 738 2837 111.
891 2796 931 2836 8.
965 2791 1065 2850 κδ’]
1098 2791 1175 2835 λα’
1205 2791 1298 2835 Vv.
1451 2794 1491 2834 9.
1524 2797 1606 2833 τοῦ
1637 2782 1889 2864 κέντρου]

166 2850 218 2893 τὸ
251 2848 446 2907 κέντρον
476 2852 538 2896 Μ.
662 2858 731 2896 12.
767 2850 861 2909 ἴση]
895 2850 968 2907 ἴση
1003 2848 1125 2895 ἐστίν
1156 2865 1216 2894 m.
1342 2854 1408 2894 14.
1442 2846 1626 2907 λοιπαί]
1661 2853 1741 2892 ΒΑ
1773 2849 1882 2892 καὶ

169 2912 250 2952 ΒΔ
282 2909 415 2967 ὄψεις
447 2910 522 2954 ἐπὶ
552 2911 604 2955 τὸ
638 2915 674 2955 Β
705 2910 896 2968 ἥξουσιν
926 2925 987 2955 111.
1113 2914 1180 2954 16.
1213 2909 1307 2967 κε’]
1340 2909 1412 2967 λβ’
1439 2909 1532 2954 Vv.
1638 2911 1706 2952 18.
1738 2908 1893 2972 θῇς]
