1904 3184
220 107 331 161 220
572 107 924 151 OPTICORUM
953 108 1251 151 RECENSIO
1283 108 1559 152 THEONIS.

216 232 332 283 ΕΓ
360 228 710 299 παράλληλος
746 226 780 295 ἡ
820 231 955 296 ΑΒ,
1001 226 1094 281 καὶ
1139 230 1276 281 ἔστω
1316 228 1350 297 ἡ
1390 232 1500 281 ΑΒ
1545 236 1611 299 τῇ
1649 233 1704 282 A
1715 233 1759 282 Z
1804 234 1904 299 ἴσηι·

217 317 376 387 λέγω,
416 318 500 371 ὅτι
532 317 565 386 ἡ
597 321 708 370 ΑΒ
746 325 940 370 πασῶν
978 326 1091 370 τῶν
1130 315 1218 370 ἐπὶ
1249 325 1345 386 τῆς
1382 324 1482 370 τοῦ
1513 318 1720 371 κύκλου
1758 332 1904 390 περιέ

218 410 442 477 φερείας
499 405 919 476 μεθισταμένων
981 406 1221 460 εὐθειῶν
1283 405 1531 459 ἐλάσσων
1592 408 1904 476 φανήσεται.

221 497 636 565 ἐπεζεύχθωσαν
676 497 780 566 γὰρ
822 497 883 549 αἱ
919 498 1044 565 ΓΖ,
1084 499 1214 563 ΕΖ,
1255 498 1368 548 ΒΓ
1367 535 1382 564 ‚
1418 499 1539 548 ΕΒ.
1616 499 1808 565 ἔχομεν
1846 493 1904 553 δὲ

161 594 186 632 5
221 586 281 640 ἐν
319 594 395 658 τῷ
434 582 814 656 παρακειμένῳ
853 592 929 657 τῷ
971 582 1058 641 λς’
1083 586 1419 655 θεωρήματι,
1459 584 1543 637 ὅτι
1574 594 1767 638 πασῶν
1797 587 1904 639 τῶν

131 1038 186 1077 10

130 1485 184 1525 15

129 1931 187 1970 20

218 676 312 728 διὰ
360 682 461 728 τοῦ
500 678 553 728 Ε
596 676 825 744 σημείου
871 672 1158 743 ἀγομένων
1204 673 1444 726 εὐθειῶν
1488 671 1580 726 καὶ
1626 678 1904 727 ποιουσῶΙ

216 765 356 834 πρὸς
409 771 475 835 τῇ
529 767 582 816 Ε
598 766 651 816 Γ
698 765 909 831 γωνίαν
963 761 1216 832 ἐλαχίστη
1271 760 1421 815 ἐστὶν
1474 761 1506 830 ἡ
1560 762 1669 816 ὑπὸ
1726 766 1896 817 ΓΕΑ

218 852 333 907 ἐπεὶ
380 849 483 907 οὖν
526 852 559 921 ἡ
602 855 707 906 ΓΕ
748 860 815 922 τῇ
853 855 964 905 AB
1010 851 1360 921 παράλληλός
1406 851 1576 916 ἐστιν,
1632 851 1770 905 ἀλλὰ
1815 872 1884 906 κα

220 948 327 1011 ἴση,
358 940 450 995 καὶ
481 941 514 1010 ἡ
540 946 645 995 ΕΑ
675 943 782 1013 ἄρα
812 949 877 1013 τῇ
903 944 1006 995 ΓΒ
1040 946 1129 1010 ἴση
1153 961 1211 994 τε
1241 939 1334 994 καὶ
1364 941 1712 1011 παράλληλός
1736 940 1886 994 ἐστιν

217 1033 792 1103 παραλληλόγραμμον
830 1032 936 1101 ἄρα
976 1028 1090 1084 ἐστὶ
1129 1031 1191 1083 τὸ
1232 1034 1353 1084 ΒΕ.
1423 1030 1516 1082 διὰ
1554 1029 1621 1082 τὰ
1659 1029 1798 1083 αὐτὰ
1837 1030 1890 1082 ὃ

217 1119 310 1174 καὶ
363 1122 424 1174 τὸ
478 1124 585 1173 ΖΕ
634 1121 1208 1190 παραλληλόγραμμόν
1255 1118 1418 1172 ἐστιν.
1508 1117 1600 1172 καὶ
1655 1117 1769 1172 ἐπεὶ
1823 1119 1886 1172 δε

218 1208 415 1278 δεῖξαι,
456 1209 540 1263 ὅτι
580 1212 813 1263 ἔλασσον
852 1211 1108 1278 φαίνεται
1147 1210 1209 1262 τὸ
1250 1212 1360 1261 AB
1399 1215 1499 1261 τοῦ
1538 1212 1672 1277 ΛΖ,
1720 1209 1853 1278 δῆλο

219 1299 303 1353 ὅτι
341 1301 612 1370 πρότερον
651 1299 740 1352 δεῖ
775 1297 965 1367 δεῖξαι,
1005 1298 1089 1352 ὅτι
1127 1297 1161 1366 ἡ
1192 1297 1301 1351 ὑπὸ
1334 1301 1502 1350 ΒΕΑ
1540 1300 1715 1365 γωνία
1750 1297 1883 1351 ἐλά

219 1402 335 1441 σων
375 1386 489 1442 ἐστὶ
527 1396 623 1457 τῆς
661 1387 770 1442 ὑπὸ
813 1391 979 1440 ΖΕΔ
1024 1388 1244 1455 γωνίας.
1322 1385 1436 1441 ἐπεὶ
1475 1383 1579 1441 οὖν
1617 1385 1864 1440 δέδεικτα

218 1477 302 1531 ὅτι
333 1486 528 1531 πασῶν
558 1486 670 1530 τῶν
702 1477 795 1530 διὰ
825 1484 925 1530 τοῦ
950 1481 1003 1529 Ε
1037 1478 1265 1546 σημείου
1298 1474 1644 1545 διαγομένων
1667 1475 1859 1529 εὐθει”

215 1565 307 1619 καὶ
353 1575 637 1620 ποιουσῶν
682 1567 820 1637 πρὸς
866 1575 931 1637 τῇ
980 1569 1086 1619 ΓΕ
1126 1569 1332 1634 γωνίας
1378 1565 1630 1635 ἐλαχίστη
1677 1563 1826 1618 ἐστὶν

214 1655 324 1709 ὑπὸ
374 1658 563 1724 ΓΕΑ,
619 1655 868 1709 ἐλάσσων
914 1657 1020 1726 ἄρα
1068 1653 1181 1708 ἐστὶ
1226 1653 1318 1708 καὶ
1364 1663 1460 1724 τῆς
1503 1655 1612 1708 ὑπὸ
1662 1657 1826 1707 ΓΕΔ

215 1745 324 1798 ὑπὸ
367 1747 546 1798 ΓΕΑ.
624 1744 891 1798 ἐκκείσθω
931 1752 1007 1817 τῷ
1045 1752 1146 1797 τοῦ
1184 1745 1391 1797 κύκλου
1430 1743 1734 1816 ἡμικυκλίῳ
1784 1749 1901 1807 ἰ’σο,

215 1834 277 1886 τὸ
318 1836 519 1903 ΚΑΛ,
564 1832 656 1887 καὶ
696 1835 948 1904 εἰλήφθω
989 1834 1161 1887 αὐτοῦ
1208 1834 1270 1887 τὸ
1308 1831 1540 1905 κέντρον
1585 1835 1647 1887 τὸ
1686 1837 1767 1902 N,
1812 1853 1864 1886 κ

217 1925 426 1976 κείσθω
465 1930 531 1993 τῇ
569 1922 678 1976 ὑπὸ
721 1926 885 1976 ΓΕΑ
925 1928 1014 1992 ἴση
1054 1925 1229 1991 γωνία
1267 1921 1300 1991 ἡ
1340 1922 1448 1976 ὑπὸ
1488 1925 1704 1991 KNM,
1743 1930 1808 1993 τῇ
1850 1948 1858 1968 a
1896 1969 1901 1981 ,

215 2011 324 2065 ὑπὸ
367 2014 532 2065 ΓΕΔ
571 2017 660 2081 ἰ’ση
699 1993 880 2081 ἡ“ὑπὸ
920 2015 1046 2066 ΚΝ
1051 2016 1122 2080 0,
1160 2010 1252 2065 καὶ
1283 2014 1491 2065 κείσθω
1530 2019 1595 2082 τῇ
1633 2016 1687 2065 A
1700 2015 1744 2064 Z
1784 2009 1859 2064 ἑκ
1895 2019 1901 2056 τ’·

215 2100 345 2172 τέρα
383 2110 496 2155 τῶν
536 2105 674 2169 ΟΝ,
706 2105 844 2155 ΜΝ
877 2106 991 2171 ἰ’ση,
1036 2100 1127 2155 καὶ
1168 2102 1261 2154 διὰ
1299 2098 1399 2171 μὲν
1438 2107 1538 2154 τοῦ
1577 2103 1652 2153 Μ
1680 2107 1744 2170 τῇ
1783 2102 1841 2153 K

217 2194 308 2259 ἰ’ση
354 2188 446 2243 καὶ
492 2182 842 2262 παράλληλᾎς
885 2192 1043 2261 ἤχθω
1090 2189 1124 2259 ἡ
1163 2194 1302 2244 ΜΠ
1304 2230 1320 2259 ,
1372 2188 1465 2243 καὶ
1511 2188 1816 2259 ἐπεζεύχθω
1896 2207 1900 2220 ’-

215 2281 359 2332 ΠΚ·
413 2281 986 2351 παραλληλόγραμμον
1039 2281 1146 2351 ἄρα
1193 2277 1308 2333 ἐστὶ
1354 2280 1416 2332 τὸ
1463 2282 1594 2332 ΝΠ
1640 2277 1732 2331 καὶ
1779 2283 1852 2332 ἰ’σ
1894 2339 1897 2342 Δ

335 2503 375 2543 3.
408 2516 454 2550 -ς
485 2499 587 2575 pass-J
613 2498 664 2542 in
694 2513 783 2544 ras,
816 2499 872 2544 V.
1025 2503 1065 2543 4.
1106 2499 1185 2558 δὲ]
1226 2498 1287 2555 δή
1316 2513 1357 2543 v.
1514 2503 1551 2543 7.
1591 2498 1726 2558 πρός]
1760 2513 1845 2556 sup
1889 2484 1901 2565 3

216 2572 300 2602 scr.
332 2573 376 2615 p.
473 2576 645 2616 γωνιας
674 2574 718 2615 p.
828 2563 868 2603 8.
900 2556 1016 2603 ἀλλά
1048 2584 1104 2591 -
1137 2563 1176 2603 9.
1211 2557 1352 2616 ἐστιν]
1386 2571 1474 2602 om.
1507 2573 1550 2603 v.
1658 2563 1697 2603 9.
1732 2558 1825 2603 ἐστι
1895 2580 1899 2616 ;

276 2622 344 2662 10.
379 2615 501 2663 ἐστίν
532 2618 625 2663 Vv.
767 2622 833 2662 11.
872 2617 966 2662 ἐστι
995 2633 1039 2675 p.
1177 2618 1273 2676 δεῖ]
1306 2616 1356 2660 in
1386 2631 1475 2661 ras,
1508 2617 1564 2674 V,
1607 2631 1720 2662 corr.
1754 2632 1810 2662 ex
1848 2644 1858 2663 =,
1894 2630 1897 2677 J

212 2691 272 2720 m.
298 2681 324 2720 2
357 2693 399 2722 v.
524 2682 592 2723 12.
627 2676 716 2736 ὅτι]
749 2692 836 2722 om.
863 2693 906 2734 v,
938 2678 1000 2728 ὡς
1030 2691 1178 2733 comp.
1210 2692 1270 2721 m.
1300 2681 1341 2721 2.
1464 2675 1666 2722 ἐλάσσων
1695 2677 1752 2734 V,
1785 2690 1866 2727 οος,
1891 2686 1897 2741 j

211 2751 271 2779 m.
304 2750 393 2780 rec.
533 2741 602 2781 13.
643 2737 741 2795 δεῖ]
783 2751 896 2781 corr.
930 2751 987 2781 ex
1018 2735 1078 2792 δή
1108 2751 1167 2781 m.
1201 2741 1228 2780 2
1260 2751 1301 2781 v,
1443 2735 1633 2781 ἔλασσον
1664 2751 1705 2781 v.
1890 2775 1894 2798 ³

213 2793 336 2840 ἐστίν
367 2796 460 2840 Vv.
571 2800 639 2840 17.
675 2795 866 2841 ἔλασσον
897 2811 940 2841 v.
1045 2793 1167 2840 ἐστίν
1196 2795 1289 2840 Vv.
1401 2799 1468 2841 18.
1500 2797 1581 2854 τῶ]
1614 2809 1727 2841 corr.
1761 2809 1817 2840 ex
1878 2817 1882 2830 ι

210 2869 270 2898 m.
304 2862 329 2898 2
363 2870 404 2899 v.
530 2859 598 2900 19.
630 2855 681 2900 τό
707 2857 828 2914 (pr.)]
864 2870 977 2900 corr.
1012 2869 1068 2899 ex
1097 2858 1160 2914 τῷ
1190 2869 1250 2898 m.
1284 2859 1310 2898 2
1343 2870 1385 2899 v.
1493 2841 1730 2914 τό(1;θτ1;.)]
1762 2857 1824 2914 τῷ

272 2919 341 2958 22.
376 2912 481 2973 μέν]
515 2914 604 2959 del.
636 2930 696 2959 m.
730 2920 756 2958 2
788 2930 830 2961 v.
954 2920 1023 2959 24.
1059 2911 1181 2958 ἐστίν
1212 2913 1304 2958 Vv.
