1904 3184
117 112 227 165 310
773 114 1160 156 CATOPTRICA.

115 235 339 297 πλείους
378 236 504 303 ἔχον
542 241 655 286 τῶν
694 231 976 304 ἐνόπτρων
1018 231 1109 286 καὶ
1149 235 1284 286 ἔστω
1325 233 1386 285 τὸ
1428 236 1597 285 ΑΒΔ
1634 235 1803 285 πολυ-

116 324 340 392 γώνιον,
379 321 471 376 καὶ
506 324 758 391 εἰλήφθω
799 323 860 375 τὸ
892 321 1124 393 κέντρον
1162 329 1262 375 τοῦ
1293 323 1500 374 κύκλου
1541 329 1640 374 τοῦ
1673 341 1803 391 γρα-
1895 324 1904 336 “

117 411 364 482 φομένου
417 410 543 482 περὶ
597 412 658 464 τὸ
712 412 1042 479 πολύγωνον
1094 412 1156 464 τὸ
1215 414 1286 479 Θ,
1342 408 1432 463 καὶ
1489 408 1580 463 ἀπ’
1633 409 1805 462 αὐτοῦ

118 500 535 570 ἐπεζεύχθωσαν
574 501 635 553 αἱ
674 503 792 569 ΘΓ,
830 504 950 569 ΘΕ,
986 504 1107 569 ΘΔ,
1143 503 1263 568 ΘΒ,
1300 503 1401 553 ΘΛ
1441 497 1529 552 ἐπὶ
1567 499 1664 562 τὰς
1702 518 1807 566 γω-

57 598 84 638 5
115 592 255 658 νίας,
294 587 386 642 καὶ
416 592 877 660 προσκείσθωσαν
915 592 1152 660 ἔνοπτρα
1193 588 1420 641 ἐπίπεδα
1459 589 1597 658 πρὸς
1632 587 1809 658 ὀρθὰς
1900 615 1904 638 ;

114 689 234 742 ταῖς
273 677 697 748 ἐπεζευγμέναις.
776 676 891 732 ἐπεὶ
930 675 1033 732 οὗν
1075 683 1163 746 ἴση
1205 675 1356 731 ε’στὶν
1403 676 1436 745 ἡ
1479 680 1587 729 ΖΛ
1633 678 1807 744 γωνία

113 775 179 839 τῇ
218 771 362 821 ΝΚ·
409 767 555 839 ὀρθὴ
595 767 700 838 γάρ
741 767 890 821 ε’στιν
930 765 1176 837 ἑκατέρα·
1225 761 1304 819 ὧν
1344 766 1376 835 ἡ
1418 769 1483 819 Ν
1516 773 1580 836 τῇ
1623 769 1673 818 Λ
1715 770 1805 833 ἴση

116 856 291 927 ἐστίν,
340 858 502 926 λοιπὴ
542 858 650 927 ἄρα
688 855 722 925 ἡ
765 861 809 909 Ζ
848 864 914 927 τῇ
954 859 1011 909 Κ
1054 860 1143 924 ἴση
1185 854 1347 908 ε’στίν.
1423 855 1561 908 ὥστε
1600 853 1632 922 ἡ
1673 854 1805 907 ἀνά-

113 950 306 1010 κλασις
343 954 441 1016 τῆς
479 949 592 999 ΒΓ
622 945 800 1010 ὅψεως
839 943 927 999 ἐπὶ
966 946 1027 998 τὸ
1066 949 1121 997 Δ
1160 947 1333 998 ἔσται·
1385 944 1479 998 διὰ
1518 944 1624 1013 γὰρ
1669 948 1806 996 ἴσων

27 1043 83 1084 10
115 1045 336 1104 γωνιῶν
361 1037 422 1088 αἱ
442 1035 766 1099 ἀνακλάσεις
789 1037 1054 1103 γίνονται.
1095 1033 1302 1103 ὁμοίως
1327 1030 1388 1086 δὲ
1413 1033 1803 1102 δειχθήσονται

114 1123 206 1177 καὶ
245 1126 307 1178 αἱ
340 1126 478 1197 πρὸς
515 1134 631 1188 τοῖς
668 1129 747 1193 Δ,
779 1128 831 1177 Ε
875 1126 1119 1193 σημείοις
1165 1125 1362 1191 γωνίαι
1411 1127 1525 1175 ἶσαι
1575 1122 1637 1174 αῖ
1670 1123 1809 1189 πρὸς

114 1223 230 1276 τοῖς
268 1213 568 1285 ε’νόπτροις.
646 1214 679 1283 ἡ
720 1215 825 1284 ἄρα
857 1212 963 1266 ἀπὸ
1002 1220 1102 1266 τοῦ
1141 1216 1187 1265 Β
1228 1211 1469 1282 ὄμματος
1508 1210 1636 1275 ὄψις
1676 1211 1806 1264 ἀνα-

111 1301 361 1373 κλωμένη
400 1301 491 1356 καὶ
521 1309 909 1374 προσπεσοῦσα
941 1303 1078 1372 πρὸς
1107 1301 1286 1355 πάντα
1318 1302 1384 1354 τὰ
1416 1303 1654 1371 ἔνοπτρα
1687 1298 1802 1369 ἥξει

115 1390 204 1446 ἐπὶ
243 1393 304 1446 τὸ
345 1397 412 1446 Α.

28 1533 84 1574 15
920 1523 1004 1578 ιε’.

208 1629 366 1684 ’Ἐστι
405 1628 466 1683 δὲ
503 1628 596 1683 καὶ
635 1631 728 1683 διὰ
766 1638 984 1701 κυρτῶν
1025 1628 1306 1699 ἐνόπτρων
1345 1626 1436 1680 καὶ
1478 1627 1571 1680 διὰ
1602 1628 1807 1679 κοίλων

119 1719 260 1773 ἰδεῖν
302 1721 363 1773 τὸ
403 1719 554 1773 αὐτό.

228 1811 364 1862 ἔστω
407 1807 535 1879 γάρ,
575 1807 603 1861 ὃ
644 1809 733 1861 δεῖ
769 1808 933 1876 ἰδεῖν,
979 1808 1041 1861 τὸ
1081 1812 1156 1877 Α,
1204 1805 1350 1876 ὄμμα
1390 1802 1451 1859 δὲ
1489 1806 1551 1858 τὸ
1592 1808 1667 1874 Β,
1715 1803 1807 1858 καὶ

117 1896 320 1967 ὁμοίως
372 1896 783 1967 ἀναγεγράφθω
838 1897 1167 1965 πολύγωνον
1223 1896 1553 1965 ἰσόπλευρόν
1606 1913 1663 1946 τε
1716 1891 1808 1946 καὶ

29 1994 87 2035 20
121 1987 417 2055 ἰσογώνιον
448 1987 510 2039 τὸ
536 1988 832 2054 ΑΒΓΔΕ,
864 1984 955 2038 καὶ
987 1986 1125 2056 πρὸς
1155 1993 1270 2048 τοῖς
1304 1986 1363 2052 Γ,
1390 1988 1461 2052 Δ,
1486 1986 1538 2036 Ε
1566 1984 1810 2052 σημείοις

118 2077 255 2128 ἔστω
296 2078 533 2145 ἔνοπτρα
568 2075 818 2144 ἐπίπεδα,
858 2073 960 2144 ἀφ’
997 2070 1076 2128 ὧν
1115 2074 1307 2143 ὁρᾶται
1343 2074 1404 2126 τὸ
1446 2077 1515 2141 Α,
1554 2071 1805 2143 καθάπερ

119 2163 414 2234 δέδεικται,
460 2162 553 2218 καὶ
591 2167 942 2235 προσκείσθω
983 2164 1201 2226 τούτοις
1238 2166 1397 2215 κοῖλα
1435 2160 1469 2230 ἢ
1508 2161 1682 2231 κυρτὰ
1721 2162 1807 2213 ἔν-

239 2375 276 2416 1.
312 2369 427 2429 ἔχων
458 2384 501 2426 v,
541 2369 625 2413 sed
656 2383 769 2414 corr.
891 2369 1003 2427 τῶν]
1035 2375 1126 2412 τῶν
1161 2363 1508 2424 ἐπιταχθέντων
1541 2380 1599 2410 m.
1725 2362 1806 2409 καί

119 2457 174 2465 -
205 2430 516 2488 πολυγώνιον]
548 2429 599 2474 τὸ
630 2431 858 2472 ΑΒΓΔΕ
887 2443 947 2472 m.
1056 2432 1096 2471 2.
1130 2423 1452 2484 γραφομένου]
1486 2439 1574 2469 om,
1609 2439 1668 2469 m.
1763 2428 1802 2468 3.

114 2487 250 2549 περί]
292 2487 369 2534 ἐπί
407 2489 507 2534 Mv.
659 2488 932 2544 πολύγωνον
965 2512 1021 2519 -
1054 2487 1229 2544 αὐτοῦ]
1267 2487 1497 2529 ΑΒΓΔΕ
1533 2484 1807 2540 πολύγωνον

114 2546 528 2606 περιγραφομένου
567 2547 648 2593 καὶ
690 2546 798 2591 ἔστω
837 2547 888 2591 τὸ
932 2548 972 2591 Θ
1011 2545 1092 2590 καὶ
1130 2545 1224 2589 ἀπὸ
1263 2551 1346 2589 τοῦ
1382 2546 1423 2589 Θ
1460 2541 1654 2599 κέντρου
1692 2543 1808 2598 πρὸς

117 2608 203 2660 τὰς
239 2615 321 2653 τοῦ
354 2610 582 2652 ΑΒΓΔΕ
615 2607 889 2663 πολυγώνου
921 2603 1093 2663 γωνίας
1123 2620 1182 2649 m.
1334 2603 1626 2661 πολύγωνον]
1667 2605 1807 2646 πολυ-

120 2669 293 2726 γώνιον
324 2668 386 2724 M,
421 2669 468 2711 et
490 2667 546 2723 V,
580 2666 663 2710 sed
694 2680 807 2710 corr.
930 2670 970 2709 4.
1005 2664 1082 2723 αἱ]
1116 2665 1302 2708 εὐθεῖαι
1332 2662 1383 2706 αἱ
1413 2662 1474 2706 Μ.
1578 2664 1677 2718 ΘΑ,
1706 2663 1806 2716 ΘΒ,

124 2730 229 2783 ΘΓ,
258 2730 356 2782 ΘΔ,
385 2729 477 2772 ΘΕ
506 2742 565 2770 m.
659 2725 736 2769 ἐπὶ
765 2724 849 2776 τὰς
880 2722 1071 2782 γωνίας]
1105 2737 1192 2767 om.
1225 2738 1284 2766 m.
1387 2727 1427 2766 6.
1462 2718 1808 2778 ἐπιζευγμέναις

120 2787 223 2841 Vv;
260 2789 362 2842 ΘΓ,
391 2788 488 2841 ΘΔ,
517 2787 610 2830 ΘΕ
639 2800 700 2829 m.
810 2789 848 2829 7.
885 2785 1012 2842 NK]
1045 2787 1092 2827 K
1119 2783 1180 2839 M,
1214 2783 1321 2826 ΚΝ
1346 2796 1405 2824 m.
1515 2785 1553 2825 9.
1587 2787 1630 2825 A
1662 2779 1806 2838 ἔσται]

122 2851 183 2905 ’δῖ
212 2861 274 2906 M.
373 2865 441 2905 12.
476 2859 698 2918 ὄμματος]
730 2858 785 2914 V,
820 2872 907 2902 om.
934 2858 1088 2902 va.
1191 2861 1260 2900 13.
1293 2855 1635 2912 προσπεσοῦσα]
1667 2867 1808 2909 προσ-

119 2917 358 2964 πίπτουσα
391 2935 450 2963 m.
603 2923 672 2964 15.
707 2918 788 2977 ιε’]
820 2917 898 2975 φιβ’
924 2917 1017 2961 Vv.
1165 2919 1232 2959 16.
1267 2913 1502 2970 ἐνόπτρων
1536 2940 1589 2946 -
1621 2910 1807 2971 κοίλων]
