1904 3184
192 137 267 189 44
765 135 1051 178 EUCLIDIS
1084 135 1316 179 OPTICA.

195 258 408 327 ζεύχθω
463 256 497 325 ἡ
554 259 672 310 ΒΓ.
772 254 940 324 λέγω,
995 255 1080 308 ὅτι
1133 257 1318 324 μεῖζον
1370 262 1470 308 τοῦ
1524 254 1894 326 ἡμισφαιρίου

194 347 519 417 ὀφθήσεται.
595 343 1090 416 προσπιπτέτωσαν
1129 343 1346 407 ἀκτῖνες
1391 345 1454 397 αἱ
1487 347 1618 414 ΒΕ,
1652 347 1754 397 ΓΔ
1798 343 1893 398 καὶ

193 436 806 508 προσεκβεβλήσθωσαν
853 431 943 486 ἐπὶ
979 433 1047 486 τὰ
1086 437 1160 502 Ε,
1192 438 1248 485 Λ
1293 431 1454 503 μέρη·
1509 434 1895 503 συμβάλλουσι

196 526 265 595 δὴ
306 524 569 594 ἀλλήλαις
608 524 702 576 διὰ
740 523 802 575 τὸ
843 522 1115 576 ἐλάσσονα
1154 518 1297 575 εἶναι
1336 523 1439 591 τὴν
1470 522 1767 593 διάμετρον
1798 530 1899 591 τῆς

136 624 163 663 5
196 617 315 667 ΒΓ.
378 611 846 683 συμβαλλέτωσαν
884 612 953 681 δὴ
984 612 1122 664 κατὰ
1154 613 1216 664 τὸ
1252 615 1296 664 Ζ
1336 621 1581 681 σημεῖον.
1644 610 1759 664 ἐπεὶ
1791 608 1900 665 οὗν

197 702 304 756 ἀπό
351 721 503 765 τινος
550 704 780 771 σημείου
834 710 946 754 τῶν
993 699 1146 763 ἐκτὸς
1199 707 1300 753 τοῦ
1346 701 1555 753 κύκλου
1609 701 1748 771 πρὸς
1792 701 1899 769 τὴν

195 789 555 862 περιφέρειαν
592 790 1088 862 προσπεπτώκασιν
1126 789 1344 842 εὐθεῖαι
1391 790 1453 842 αἱ
1490 793 1618 857 ΖΕ,
1660 793 1786 857 ΖΔ,
1833 809 1900 841 το

198 884 375 933 ΔΘΕ
419 881 527 951 ἄρα
574 881 803 933 ἔλαττόν
849 878 1000 932 ἐστιν
1046 877 1392 948 ἡμικυκλίου.
1476 878 1538 930 τὸ
1578 880 1750 930 ΕΗΔ
1789 878 1900 947 ἄρα

198 971 382 1039 μεῖζόν
414 967 564 1022 ἐστιν
594 967 939 1038 ἡμικυκλίου.
1010 965 1132 1020 ἀλλ’
1159 966 1269 1021 ὑπὸ
1302 975 1415 1020 τῶν
1446 970 1512 1035 Β,
1546 969 1600 1019 Γ
1629 967 1692 1019 τὸ
1725 969 1902 1018 ΕΗΔ

114 1069 167 1108 10
199 1056 469 1126 βλέπεται.
523 1059 707 1127 μεῖζον
738 1057 846 1127 ἄρα
876 1055 910 1125 ἢ
942 1057 1004 1109 τὸ
1031 1056 1202 1125 ἥμισυ
1228 1055 1539 1125 ὀφθήσεται
1563 1062 1663 1107 τοῦ
1687 1055 1901 1107 κύκλου

198 1146 307 1200 ὑπὸ
347 1154 461 1199 τῶν
499 1148 565 1215 Β,
599 1147 659 1198 Γ.
735 1146 797 1198 τὸ
838 1145 973 1198 αὐτὸ
1014 1146 1121 1215 ἄρα
1167 1142 1261 1197 καὶ
1299 1151 1396 1213 τῆς
1435 1146 1677 1214 σφαίρας
1715 1142 1899 1213 ὀφθή-

201 1249 368 1288 σεται.

1002 1321 1099 1387 κζ’.

310 1426 436 1481 Ἐἀν
483 1428 544 1481 τὸ
591 1436 704 1480 τῶν
743 1425 1004 1496 ὀμμάτων
1044 1426 1316 1495 διάστημα
1363 1428 1591 1480 ἔλαττον
1633 1421 1664 1496 ᾖ
1703 1433 1800 1494 τῆς
1838 1424 1904 1479 ἐν

116 1529 170 1568 15
202 1525 267 1588 τῇ
308 1520 519 1589 σφαίρᾳ
558 1514 872 1587 διαμέτρου,
912 1517 1139 1569 ἔλαττον
1171 1514 1539 1587 ἡμισφαιρίου
1571 1514 1904 1585 ὀφθήσεται.

444 1737 1245 2193 24(

322 2364 458 2415 ἔστω
499 2371 726 2433 σφαῖρα,
765 2357 830 2430 ἧς
867 2359 1099 2431 κέντρον
1138 2363 1199 2415 τὸ
1240 2367 1295 2415 Α
1334 2371 1577 2431 σημεῖον,
1620 2357 1713 2413 καὶ
1750 2377 1904 2430 περι-

209 2450 514 2522 γεγράφθω
544 2448 670 2520 περὶ
701 2451 763 2503 τὸ
788 2455 842 2502 Α
874 2459 1101 2519 σημεῖον
1131 2451 1333 2513 κύκλος
1363 2449 1392 2503 ὁ
1418 2451 1539 2517 ΒΓ,
1569 2446 1662 2501 καὶ
1691 2451 1901 2501 κείσθω

209 2541 270 2593 τὸ
311 2539 582 2609 διάστημα
620 2547 732 2592 τῶν
770 2538 1029 2608 ὀμμάτων
1067 2540 1129 2592 τὸ
1170 2543 1286 2592 ΔΕ
1321 2541 1555 2592 ἔλασσον
1601 2537 1668 2591 ὃν
1705 2544 1801 2606 τῆς
1839 2536 1904 2590 ἐν.

332 2705 371 2744 1.
407 2701 523 2758 ΒΓ]
557 2701 659 2744 ΒΝ
684 2715 726 2743 v.
850 2704 890 2743 3.
922 2698 1341 2772 προσεκβεβλήσθω
1372 2698 1578 2742 VBVat.
1590 2713 1688 2742 vm.
1789 2712 1900 2755 συμ-

212 2761 405 2818 βαλοῦσι
434 2759 590 2803 BVat.
600 2774 642 2803 v.
766 2762 805 2803 5.
839 2756 1129 2816 συμβαλλέτω
1161 2758 1239 2802 Bv
1270 2760 1318 2802 et
1349 2757 1472 2813 Vat„
1507 2757 1590 2800 sed
1620 2771 1733 2802 corr.
1857 2761 1896 2801 6.

211 2819 323 2877 τῶν]
355 2825 437 2862 τοῦ
468 2818 576 2862 vat.
684 2822 724 2862 8.
757 2819 929 2877 ΔΘΕ]
963 2831 987 2861 e
1021 2832 1133 2862 corr.
1166 2818 1222 2874 V,
1263 2817 1295 2870 ζ)
1318 2819 1411 2862 ΘΕ
1440 2817 1531 2873 Bv,
1565 2814 1616 2860 δε
1652 2819 1744 2861 ΘΕ
1774 2816 1899 2872 νεώ,

213 2878 756 2995 seim-2253&
767 2893 834 2980 ς.
859 2941 885 2980 2
917 2876 1152 2981 W
1132 2854 1371 2995 &ism
1404 2874 1706 2979 ..νεα
1736 2850 1902 2993 ‘mi
