1904 3184
152 86 257 132 LIV
767 87 1235 133 PROLEGOMENA.

152 205 312 249 buisse
358 203 569 260 uidetur,
617 218 724 248 cum
768 203 887 248 dicit
924 205 1117 250 Meteor.
1149 205 1193 248 Π
1238 220 1284 262 p.
1321 209 1431 251 127:
1479 205 1633 249 adhuc
1678 207 1851 263 autem,

154 270 278 316 sicut
302 270 420 315 dicit
442 270 675 328 EuclideS‚
702 270 944 328 speculum
966 285 1063 317 non
1085 273 1274 315 tantum
1296 271 1572 316 manifestat
1594 272 1850 330 imaginem

150 338 234 395 rei,
267 338 350 383 sed
382 337 527 382 etiam
559 337 838 382 distantiam
869 338 970 382 eius
1002 352 1031 382 a
1063 338 1266 396 speculo,
1300 337 1415 394 quia
1436 351 1524 395 res,
1557 352 1677 395 quae
1708 338 1848 396 longe

153 404 302 449 distat
333 419 362 448 a
395 404 598 462 speculo,
630 404 821 448 uidetur
850 418 952 450 esse
982 405 1033 449 in
1055 404 1341 462 profundum
1373 405 1551 462 speculi
1580 406 1640 450 ad
1664 408 1850 450 tantam

153 470 452 527 distantiam,
494 471 556 515 ad
595 473 823 528 quantam
861 471 1011 516 distat
1051 487 1080 516 a
1111 472 1355 530 superficie
1395 471 1573 530 speculi
1605 472 1702 530 (cfr.
1735 472 1849 516 Uin·
1886 467 1904 563 Ἰ

153 537 335 582 centius
366 538 604 583 Bellouac.
639 537 822 595 Specul.
854 540 951 584 nat.
982 539 1040 596 Π,
1072 543 1151 586 8οε
1184 539 1421 596 ¹quoniam
1451 539 1502 583 in
1534 539 1722 597 speculo
1754 553 1849 583 non
1887 557 1904 607 5

151 604 353 649 resultat
382 604 534 649 forma
557 605 900 662 tantummodo,
933 605 1016 650 sed
1040 605 1186 651 etiam
1210 605 1452 663 distantia,
1485 620 1607 662 quae
1632 609 1704 651 est
1725 606 1851 651 inter
1894 606 1904 651 ἱ

153 671 494 729 adspicientem
540 674 589 716 et
628 671 885 730 speculum)
932 675 981 717 et
1016 672 1086 718 De
1126 687 1264 718 sensu
1305 675 1353 718 et
1392 675 1580 718 sensato
1610 673 1653 718 V
1690 689 1735 731 p.
1771 679 1847 719 11:
1895 668 1904 717 ζ

150 739 313 783 taliter
343 741 503 796 potest
533 738 712 783 moueri
744 739 974 784 elenando
1007 742 1056 784 et
1087 739 1389 797 deprimendo
1423 739 1683 797 speculum,
1723 739 1850 796 quod
1888 736 1904 802 3

152 806 320 850 uidens
360 805 546 850 uidebit
584 805 826 863 speculum
872 808 922 851 et
958 808 1119 851 tamen
1161 821 1256 851 non
1294 806 1479 851 uidebit
1519 819 1568 850 se
1606 806 1760 864 ipsum
1799 805 1849 849 in
1894 838 1904 847 .

153 873 365 931 speculo,
415 873 538 918 sicut
576 873 949 918 demonstratum
989 876 1062 918 est
1100 873 1160 918 ab
1200 873 1396 918 Euclide
1435 873 1485 917 in
1522 873 1846 931 prospectiuis.
1895 894 1904 931 ς

152 941 212 985 de
242 939 495 986 Uincentio
519 939 848 985 Bellouacensi
878 953 951 984 res
982 939 1164 984 incerta
1197 943 1289 996 est3
1323 940 1404 985 cfr.
1430 941 1561 998 Spec.
1579 943 1676 986 nat.
1694 941 1751 998 Π,
1772 945 1848 987 77:
1893 935 1904 958 ⁴

153 1007 214 1051 ab
245 1005 442 1051 Euclide
473 1005 714 1050 inuenitur
743 1005 1016 1063 probatum,
1049 1006 1175 1062 quod
1206 1005 1414 1051 reflectio
1444 1006 1635 1051 luminis
1669 1020 1851 1064 semper
1887 963 1904 1052 l

151 1074 206 1118 fit
238 1073 299 1118 ad
329 1086 467 1130 pares
500 1072 698 1131 angulos
731 1071 810 1117 uel
832 1072 883 1117 in
908 1086 956 1117 se
979 1071 1156 1130 ipsum3
1190 1074 1250 1117 ad
1273 1087 1410 1130 pares
1435 1072 1625 1130 quidem
1651 1074 1848 1131 angulos
1893 1068 1904 1091 ⁴

150 1140 218 1197 fit,
252 1138 293 1183 si
323 1138 484 1183 radius
517 1152 573 1183 ex
605 1138 799 1195 obliquo
829 1139 1023 1183 ueniens
1056 1142 1129 1184 est
1160 1140 1220 1184 ad
1253 1140 1543 1197 superficiem
1576 1141 1767 1199 speculi,
1799 1140 1849 1185 in
1895 1145 1904 1185 ,ἑ

153 1220 202 1251 se
241 1205 398 1264 ipsum
437 1207 617 1262 autem,
658 1205 698 1249 si
728 1206 1180 1263 perpendiculariter
1210 1207 1436 1264 (Catoptr.
1472 1210 1624 1264 1—2);
1672 1208 1735 1265 H,
1768 1213 1848 1254 81:
1890 1202 1904 1284 j

150 1287 247 1318 non
279 1273 430 1318 solum
461 1286 573 1317 uero
607 1272 805 1330 adparet
835 1273 1002 1318 dextra
1033 1273 1225 1319 sinistra
1256 1277 1304 1318 et
1335 1287 1360 1318 e
1386 1277 1549 1319 contra
1572 1274 1621 1319 in
1647 1274 1848 1333 speculis
1888 1300 1904 1357 Ξ

152 1340 373 1385 connexis
406 1339 631 1398 (Catoptr.
666 1342 760 1397 20),
802 1340 885 1384 sed
916 1340 1062 1385 etiam
1092 1340 1143 1384 in
1172 1340 1328 1398 planis
1361 1340 1584 1398 (Catoptr.
1621 1344 1715 1399 19),
1754 1355 1848 1387 non
1896 1376 1904 1388 .

152 1411 313 1453 tamen
351 1421 407 1452 ex
447 1421 611 1464 causa,
659 1420 802 1463 quam
840 1407 891 1451 in
930 1407 1052 1452 libro
1100 1407 1159 1452 de
1200 1406 1402 1465 speculis
1440 1406 1578 1464 ponit
1614 1407 1847 1465 Euclides,
1892 1394 1904 1451 ἕ

150 1474 377 1519 uidelicet
408 1487 463 1519 eo
495 1473 623 1530 quod
654 1472 899 1518 uideamus
931 1487 1015 1532 per
1040 1473 1191 1519 lineas
1222 1473 1427 1519 radiales
1460 1474 1521 1518 ab
1546 1474 1694 1519 oculis
1720 1489 1849 1533 egre-
1891 1475 1904 1535 ἐ

152 1541 336 1586 dientes
369 1541 593 1599 (Catoptr.
626 1555 670 1597 p.
699 1545 807 1598 286,
843 1544 898 1599 1).
964 1541 1046 1587 sed
1075 1540 1266 1585 uidetur
1296 1543 1456 1586 tamen
1487 1544 1698 1586 nostrum
1731 1557 1847 1600 opus

151 1622 395 1665 respicere.

271 1674 371 1719 sine
409 1674 507 1719 ullo
548 1672 693 1718 dubio
732 1673 982 1731 respicitur
1027 1674 1078 1718 in
1116 1676 1323 1719 tractatu
1372 1675 1430 1719 de
1472 1675 1673 1732 speculis
1722 1677 1846 1734 apud

151 1740 410 1798 Combach,
450 1740 651 1785 Baconis
691 1743 921 1799 perspect.
953 1756 997 1798 p.
1033 1746 1139 1787 168:
1188 1755 1244 1785 ex
1284 1741 1502 1786 concauis
1544 1742 1746 1799 speculis
1786 1743 1847 1787 ad
1891 1740 1904 1754 “’

151 1807 298 1853 solem
327 1807 496 1865 positis
528 1807 653 1866 ignis
686 1807 971 1853 accenditur.
1019 1808 1136 1852 haec
1167 1807 1337 1852 ultima
1367 1809 1628 1866 propositio
1653 1809 1762 1854 libri
1789 1810 1846 1854 de
1893 1811 1904 1855 't

150 1874 353 1931 speculis
386 1874 710 1919 communibus
737 1874 803 1919 sic
828 1875 1178 1919 demonstratur
1201 1874 1379 1919 ibidem
1403 1876 1633 1933 (sequitur
1657 1877 1848 1921 demon·
1892 1884 1904 1898 “

153 1941 343 1999 stratio,
386 1941 468 1986 sed
501 1941 739 1999 amplior),
779 1944 828 1986 et
859 1956 888 1985 a
918 1942 1126 1986 Iohanne
1157 1942 1394 1986 Peckham
1425 1943 1582 2000 Persp.
1618 1952 1850 1989 commum

148 2007 208 2064 II,
243 2012 321 2054 17:
353 2007 463 2051 hinc
488 2009 573 2064 est,
606 2007 734 2063 quod
766 2021 795 2051 a
827 2007 1029 2064 speculis
1062 2008 1283 2053 concauis
1316 2008 1572 2066 sphaericis
1606 2010 1666 2054 ad
1699 2009 1846 2054 solem
1892 2003 1901 2066 5ss

151 2073 322 2131 positis
352 2073 477 2132 ignis
511 2073 783 2118 accenditur
814 2073 912 2132 (cfr.
937 2075 994 2132 II,
1020 2079 1109 2132 55),
1150 2078 1198 2119 et
1227 2076 1284 2132 II,
1318 2081 1397 2121 50:
1427 2075 1478 2119 in
1511 2076 1712 2133 speculis
1738 2091 1846 2122 con·
1890 2097 1898 2133 2

151 2140 281 2185 cauis
313 2155 386 2186 res
416 2155 540 2185 nunc
574 2154 824 2186 conuersas
855 2156 979 2186 nunc
1011 2155 1198 2186 euersas
1224 2155 1462 2199 apparere.
1510 2142 1632 2187 hanc
1657 2144 1846 2188 demon·
1899 2163 1901 2166 ·

151 2207 323 2252 strauit
352 2207 571 2252 Euclides
604 2207 662 2252 de
695 2207 897 2265 speculis
929 2207 1155 2266 (Catoptr.
1185 2213 1380 2263 11—123
1415 2208 1626 2264 sequitur
1657 2209 1846 2254 demon·

153 2274 320 2319 stratio
354 2289 383 2318 a
413 2274 595 2320 Graeca
626 2274 852 2332 diuersa);
884 2274 940 2331 Π,
966 2280 1022 2319 52
1055 2288 1188 2320 uero:
1221 2275 1272 2318 in
1304 2275 1504 2332 speculis
1538 2276 1756 2320 concauis
1790 2290 1846 2321 ex

150 2341 428 2386 diuersitate
476 2341 651 2386 situum
697 2340 931 2397 quaedam
976 2354 1202 2398 apparere
1247 2343 1378 2386 recta
1423 2342 1654 2398 quaedam
1702 2357 1845 2388 curua
1884 2400 1886 2402 v

151 2408 386 2463 quaedam
417 2421 627 2452 connexa
763 2406 931 2452 diffuse
956 2408 1304 2453 demonstratur
1333 2407 1454 2452 libro
1481 2411 1612 2454 sexto
1637 2423 1737 2467 cap.
1759 2410 1844 2454 VH

150 2474 374 2532 Alhacen,
406 2474 625 2519 Euclides
659 2476 818 2519 autem
839 2476 1027 2519 tantum
1052 2474 1321 2533 apparentis
1346 2474 1592 2520 cui-uitatis
1616 2476 1844 2534 meminit,

151 2554 207 2584 ex
241 2541 335 2586 alio
368 2555 506 2598 opere
541 2543 663 2586 sunt.
1890 2535 1891 2538 '

274 2607 503 2666 Georgius
533 2607 675 2652 Ualla
713 2607 782 2652 De
823 2610 973 2664 expet.
1016 2611 1064 2653 et
1108 2608 1205 2667 fug.
1238 2607 1377 2652 rebus
1416 2608 1515 2664 XV,
1560 2614 1586 2652 2
1635 2609 1778 2653 etiam
1818 2622 1844 2654 e
1892 2608 1894 2612 ’

152 2672 433 2730 Catoptricis
466 2673 699 2730 quaedam
729 2674 976 2718 transtulit
1007 2675 1155 2732 (Neue
1178 2674 1338 2719 Jahrb.
1366 2673 1526 2732 Suppl.
1553 2675 1637 2719 XII
1660 2690 1704 2732 p.
1724 2678 1842 2733 395).

153 2752 259 2783 eum
290 2742 339 2784 et
370 2740 669 2785 Zambertum
699 2739 870 2785 iisdem
901 2741 1164 2799 codicibus,
1204 2741 1376 2797 quibus
1408 2741 1459 2785 in
1493 2741 1694 2799 Opticis,
1734 2756 1843 2786 usos

151 2819 267 2863 esse,
300 2808 666 2851 consentaneum
691 2809 782 2864 est3
815 2807 896 2863 cfr..
920 2823 966 2865 p.
989 2813 1088 2866 286,
1115 2814 1141 2853 8
1173 2807 1315 2867 ὕψος]
1346 2806 1501 2866 ὕψους
1531 2809 1712 2853 Monac.
1740 2813 1843 2866 361,

149 2875 396 2929 spectantis
417 2875 659 2932 fastiyium
689 2874 843 2931 Ualla,
877 2877 1047 2932 aspecti
1076 2875 1258 2933 fastiqii
1289 2873 1578 2933 Zambertus,
1606 2890 1651 2933 p.
1668 2880 1770 2932 288,
1787 2879 1844 2920 10
