1904 3184
167 117 238 171 82
737 119 1022 162 EUCLIDIS
1054 119 1281 164 ΟΡΤῙΟΑ.
1896 168 1904 196 Ι

166 241 282 292 ἔστι
319 239 508 307 τόπος,
541 235 608 292 οὗ
643 237 906 308 μένοντος
935 236 1036 308 μὲν
1066 246 1165 292 τοῦ
1197 241 1452 309 ὄμματος,
1491 248 1590 294 τοῦ
1625 238 1686 295 δὲ
1717 241 1856 311 ὁρω-
1898 198 1904 311 ¹3

166 325 338 397 μένου
384 327 656 396 μεγέθους
701 326 1132 397 μεθισταμένου,
1181 332 1304 381 ἴσον
1343 327 1427 382 ἀεὶ
1472 330 1534 383 τὸ
1574 330 1858 401 ὁρώμενον
1898 335 1904 392 Ξ

169 418 439 487 φαίνεται.
1898 406 1904 414 ’

278 505 638 574 μεθιστάσθω
671 505 776 576 γὰρ
808 503 900 558 καὶ
924 508 1059 559 ἔστω
1205 516 1260 565 Δ

109 602 136 643 5
167 595 229 647 τὸ
268 596 395 662 ΔΓ,
437 602 503 664 τῇ
543 590 604 646 δὲ
643 597 753 647 ΑΒ
794 598 883 662 ἴση
923 596 1059 647 ἔστω

168 682 202 752 ἡ
235 687 365 736 ΑΛ.
430 680 543 735 ε’πεὶ
583 679 686 736 οὖν
720 688 809 751 ἴση
843 681 992 736 ἐστὶν
1026 681 1059 750 ἡ

168 775 272 825 BA
303 779 370 842 τῇ
395 775 520 840 ΑΔ,
555 769 589 839 ἡ
623 768 683 824 δὲ
708 773 820 824 ΒΓ
850 779 916 842 τῇ
942 774 1060 840 ΓΔ,
1784 768 1848 821 17

121 896 124 901 ,
171 866 260 929 ἴση
293 862 399 931 ἄρα
424 858 573 928 καὶὴ
599 863 768 914 ΒΑΓ
790 869 855 932 τῇ
879 863 1059 914 ΔΑΓ.

168 947 261 1002 καὶ
285 949 390 1019 γὰρ
417 946 505 1002 ε’πὶ
535 954 673 1003 ἴσων
695 959 1061 1021 περιφερειῶν
1900 996 1904 998 .

82 1048 137 1088 10
170 1039 332 1091 εἰσιν·
382 1039 519 1091 ὥστε
560 1044 673 1093 ἴσαι
712 1041 867 1092 εἰσίν.
939 1044 1061 1093 ἴσον
1197 1030 1258 1082 Β
1897 1045 1904 1110 ¹

170 1129 278 1199 ἄρα
319 1130 623 1198 φανήσεται
661 1129 723 1181 τὸ
763 1127 1060 1198 ὁρώμενον.
1901 1191 1904 1198 Ι

284 1219 346 1271 τὸ
394 1217 528 1271 αὐτὸ
576 1214 637 1270 δὲ
684 1218 1044 1287 συμβήσεται,
1098 1217 1189 1271 καὶ
1236 1219 1287 1271 εἰ
1330 1218 1391 1270 τὸ
1442 1219 1587 1287 ὄμμα
1634 1215 1721 1271 ἐπὶ
1760 1225 1859 1271 τοῦ
1898 1232 1904 1281 3

170 1305 404 1377 κέντρου
451 1314 551 1360 τοῦ
597 1307 803 1360 κύκλου
851 1304 1031 1376 μένοι,
1086 1308 1146 1360 τὸ
1195 1304 1256 1360 δὲ
1302 1306 1586 1377 ὁρώμενον
1632 1304 1719 1360 ἐπὶ
1766 1314 1861 1376 τῆς
1898 1286 1904 1355 ἶ

171 1398 524 1465 περιφερείας
561 1398 896 1465 μεταβαίνοι.
1896 1427 1904 1494 i

85 1568 140 1608 15
965 1557 1069 1627 λη’.

267 1661 426 1716 ’Ἐστι
458 1683 541 1726 τις
579 1665 760 1731 τόπος,
801 1659 867 1716 οὗ
899 1670 999 1715 τοῦ
1032 1664 1271 1732 ὄμματος
1301 1661 1723 1733 μεθισταμένου,
1763 1671 1861 1717 τοῦ
1890 1683 1904 1767 i

174 1749 235 1805 δὲ
274 1749 558 1823 ὁρωμένου
594 1750 872 1821 μένοντος,
912 1749 997 1804 ἀεὶ
1030 1756 1152 1804 ἴσον
1182 1752 1244 1804 τὸ
1277 1751 1560 1822 ὁρώμενον
1591 1755 1862 1821 φαίνεται.
1892 1750 1904 1794 ἶ·

286 1842 422 1893 ἔστω
462 1840 567 1910 γὰρ
608 1839 890 1910 ὁρώμενον
921 1837 1022 1909 μὲν
1052 1841 1113 1894 τὸ
1139 1843 1260 1909 ΒΓ,
1299 1842 1444 1910 ὄμμα
1477 1838 1538 1893 δὲ
1569 1842 1629 1894 τὸ
1658 1845 1720 1911 Ζ,
1759 1839 1859 1911 ἀφ’

175 1925 243 1983 οὗ
295 1926 786 1999 προσπιπτέτωσαν
840 1928 1054 1992 ἀκτῖνες
1107 1930 1169 1982 αἱ
1220 1933 1348 1999 ΖΒ,
1397 1932 1515 1998 ΖΓ,
1568 1928 1660 1983 καὶ
1712 1948 1862 2002 περι-
1889 1959 1904 1983 ι

85 2027 142 2068 20
176 2018 478 2090 γεγράφθω
525 2015 650 2087 περὶ
696 2019 758 2071 τὸ
798 2020 967 2071 ΒΖΓ
1012 2021 1286 2089 τρίγωνον
1332 2019 1513 2089 τμῆμά
1558 2039 1610 2072 τι
1656 2021 1862 2074 κύκλου
1895 2022 1904 2069 ‚⁴

174 2107 236 2160 τὸ
277 2109 461 2175 ΒΖΓ,
514 2104 606 2159 καὶ
652 2110 992 2176 μετακείσθω
1041 2109 1101 2161 τὸ
1144 2111 1189 2160 Ζ
1236 2110 1382 2178 ὄμμα
1422 2106 1509 2161 ἐπὶ
1549 2109 1610 2161 τὸ
1651 2114 1722 2177 Δ,
1771 2107 1862 2162 καὶ
1890 2110 1904 2145 ¹

175 2194 654 2267 μεταπιπτέτωσαν
701 2197 762 2249 αἱ
797 2196 1011 2260 ἀκτῖνες
1057 2198 1118 2250 αἱ
1151 2200 1286 2266 ΔΒ,
1325 2202 1380 2250 Δ
1391 2200 1448 2250 Γ.
1526 2197 1732 2251 οὐκοῦν
1772 2203 1862 2267 ἴση
1888 2189 1904 2263 .-

175 2285 209 2354 ἡ
243 2291 297 2339 Δ
337 2287 512 2353 γωνιά
550 2293 616 2356 τῇ
651 2289 717 2337 Ζ·
759 2284 818 2338 ἐν
856 2286 961 2356 γὰρ
1001 2294 1077 2358 τῷ
1117 2286 1265 2358 αὐτῷ
1304 2287 1544 2355 τμήματί
1579 2288 1734 2340 εἰσιν.
1796 2282 1894 2340 τὰ’

176 2372 238 2428 δὲ
275 2374 383 2428 ὑπὸ
425 2379 562 2427 ἴσων
599 2383 820 2442 γωνιῶν
858 2375 1108 2446 ὁρώμενα
1150 2380 1240 2428 ἴσα
1271 2378 1539 2445 φαίνεται.
1604 2380 1725 2429 ἴσον
1757 2377 1863 2448 ἄρα
1883 2368 1902 2411 ’ἒ

87 2473 144 2513 25
176 2465 238 2517 τὸ
271 2466 383 2517 ΒΓ
414 2464 506 2516 διὰ
535 2463 741 2526 παντὸς
771 2473 1025 2532 φανεῖται
1057 2471 1155 2516 τοῦ
1188 2466 1426 2533 ὄμματος
1457 2463 1862 2534 μεθισταμένου

178 2551 265 2605 ε’πὶ
304 2560 400 2621 τῆς
439 2554 606 2605 ΒΔΓ
634 2555 996 2623 περιφερείας.

299 2747 336 2786 l.
374 2741 495 2787 ἔστιν
527 2743 633 2789 Vat.
755 2748 796 2788 4.
830 2742 938 2803 γάρ]
972 2743 1059 2802 γὰρ
1083 2745 1135 2790 τὸ
1162 2747 1254 2789 ΒΓ
1278 2744 1489 2799 Vat.¹m;
1521 2745 1572 2790 τὸ
1606 2749 1697 2789 ΒΓ
1723 2759 1863 2802 supra

179 2815 262 2845 scr.
297 2816 356 2846 m.
385 2806 410 2844 2
443 2802 497 2847 V.
643 2807 681 2847 5.
716 2804 836 2862 ΔΓ]
869 2809 911 2848 Δ
944 2804 1075 2849 codd.
1208 2801 1259 2848 δὲ
1291 2805 1394 2863 ΑΒ]
1427 2809 1514 2848 ΔΑ
1546 2805 1599 2849 A.
1731 2804 1862 2908 &6anss

180 2858 302 2905 ἐστίν
334 2861 585 2907 VVat.¹m.
741 2867 779 2908 7.
822 2864 922 2922 BA]
963 2868 1000 2907 A
1040 2877 1064 2907 e
1098 2878 1209 2909 corr.
1243 2863 1298 2908 V.
1450 2865 1556 2922 AA]
1598 2877 1622 2908 e
1655 2877 1770 2909 corr.
1850 2899 1858 2908 .
1903 2903 1904 2906 ,

239 2923 278 2964 8.
312 2924 399 2964 ΛΑ
413 2921 480 2979 Γ]
513 2920 562 2964 in
592 2936 681 2967 ras,
715 2922 770 2979 V,
810 2927 953 2967 ΑΔΓ
978 2924 1186 2969 Vat.Av.
1342 2927 1409 2968 10.
1452 2921 1563 2968 ὥστε
1597 2921 1692 2968 ἴσαι
1724 2921 1861 2981 εἰσίν]
1902 2926 1904 2982 j

1873 2991 1875 3001 ¹
1902 2990 1904 3010 Ι

1883 3014 1904 3184 <l
