1904 3184
196 105 301 158 128
573 106 835 149 SCHOLIA
863 107 931 150 IN
959 107 1243 150 EUCLIDIS
1275 108 1504 152 OPTICA.

197 226 231 295 ἡ
269 226 378 280 ὑπὸ
417 230 610 279 ΠΡΑ·
657 225 890 295 ἀμβλεῖα
927 226 1055 298 γάρ·
1102 227 1136 296 ἡ
1176 228 1281 298 γὰρ
1321 231 1434 281 ΑΡ
1471 229 1609 299 πρὸς
1647 230 1750 298 τὴν
1788 229 1892 289 ΡΞ

205 315 356 369 ἐστιν
393 315 558 386 ὀρθή,
598 314 665 367 οὐ
704 315 814 384 μὴν
851 312 945 367 καὶ
981 316 1121 385 πρὸς
1157 317 1259 385 τὴν
1290 319 1421 384 ΠΒ,
1461 315 1546 368 ὅτι
1584 313 1720 385 μηδὲ
1750 318 1890 387 πρὸς

195 406 259 458 τὸ
292 404 552 458 ἐπίπεδόν
585 403 737 457 ἐστιν
768 403 933 475 ὀρθή,
973 404 1066 457 ἵνα
1096 403 1189 457 καὶ
1218 405 1358 475 πρὸς
1388 405 1566 468 πάσας
1596 406 1693 468 τὰς
1725 405 1888 459 ἁπτο-

197 492 364 564 μένας
408 502 539 564 ποιῇ
586 492 764 564 ὀρθὰς
810 495 1039 562 γωνίας,
1086 492 1225 547 ἀλλὰ
1270 492 1512 547 κέκλιται
1558 495 1698 565 πρὸς
1736 495 1888 565 αὐτό,

141 595 167 635 5
198 586 295 636 καί
329 582 479 636 ἐστιν
517 581 550 650 ἡ
590 585 767 645 κλίσις
805 581 952 646 ὀξεῖα
991 586 1167 651 γωνία
1205 583 1239 652 ἡ
1279 584 1388 637 ὑπὸ
1428 587 1611 637 ΒΡΛ·
1658 583 1890 653 ἀμβλεῖα

201 674 308 743 ἄρα
347 671 380 740 ἡ
418 671 528 725 ὑπὸ
567 675 753 725 ΠΡΑ.
831 675 1029 742 μείζων
1074 674 1181 743 ἄρα
1219 672 1252 741 ἡ
1294 677 1414 726 HA
1459 681 1556 742 τῆς
1592 677 1726 749 ΑΡ·
1780 673 1888 727 ὑπὸ

203 762 309 831 γὰρ
355 762 457 830 τὴν
502 764 722 830 μείζονα
765 764 978 829 γωνίαν
1024 763 1057 831 ἡ
1104 765 1299 832 μείζων
1343 763 1554 832 πλευρὰ
1599 762 1891 817 ὑποτείνει.

199 853 397 919 μείζων
437 847 496 904 δὲ
534 849 627 904 καὶ
666 850 699 919 ἡ
732 855 860 905 AN
890 858 987 920 τῆς
1017 851 1151 912 ΑΞ·
1193 850 1308 905 ἐπεὶ
1339 853 1444 922 γὰρ
1478 853 1539 905 αἱ
1565 851 1673 906 ὑπὸ
1705 856 1892 906 ΝΠΛ

199 938 292 993 καὶ
329 940 438 994 ὑπὸ
472 941 632 1002 ΞΡΑ
670 939 846 1011 ὀρθαί
879 942 1039 1009 εἰσιν,
1078 940 1302 1011 ἐδείχθη
1344 939 1404 994 δὲ
1435 939 1469 1009 ἡ
1501 945 1622 994 ΠΛ
1659 948 1756 1010 τῆς
1787 943 1900 994 AP

116 1041 171 1082 10
201 1032 420 1100 μείζων·
460 1031 598 1083 ὥστε
636 1027 729 1083 καὶ
767 1031 829 1083 τὸ
867 1033 1442 1140 παραλληλόγραμμον
1480 1031 1542 1083 τὸ
1573 1029 1682 1083 ὑπὸ
1714 1033 1777 1082 Ν
1780 1032 1893 1083 ΠΛ

202 1127 302 1172 τοῦ
339 1119 449 1173 ὑπὸ
490 1118 643 1180 ΞΡΑ
688 1122 895 1189 μεῖζον,
948 1118 1042 1172 καὶ
1088 1119 1121 1189 ἡ
1168 1127 1268 1173 τοῦ
1315 1122 1562 1190 μείζονος
1603 1118 1904 1188 διάμετροςι

199 1210 418 1278 μείζων·
474 1209 758 1279 διάμετροι
805 1207 871 1262 δέ
907 1210 1013 1262 εἰσι
1059 1217 1172 1262 τῶν
1210 1208 1797 1279 παραλληλογράμμων
1837 1202 1904 1268 αὖ,

198 1302 335 1367 NA,
369 1298 498 1359 ΞΑ·
553 1298 719 1367 ἡμίση
759 1299 864 1367 γὰρ
903 1298 1119 1351 τούτων
1156 1299 1223 1350 τα
1261 1301 1518 1369 τρίγωνα.
1596 1298 1757 1365 ὥστε,
1797 1292 1904 1355 ἐὰν

200 1386 234 1456 ἡ
261 1387 366 1448 ΡΞ
391 1396 636 1441 πεσεῖται
669 1386 758 1440 ἐπὶ
788 1389 891 1456 τὴν
915 1391 978 1440 Π
981 1391 1054 1456 Ν
1089 1386 1412 1458 ἐφαρμόσει·
1447 1392 1537 1455 ἴση
1569 1388 1673 1457 γὰρ
1699 1386 1892 1456 ταύτῃ·
1895 1424 1904 1442 .

115 1487 171 1527 15
202 1474 294 1529 καὶ
333 1477 395 1530 αι
422 1479 536 1546 ΡΛ,
568 1476 682 1538 ΑΞ
715 1475 870 1540 ἐντὸς
906 1483 1207 1530 πεσοῦνται
1245 1485 1357 1529 τῶν
1389 1480 1525 1545 ΛΠ,
1557 1479 1701 1530 ΑΝ·
1742 1454 1904 1546 ἐλάν-Ξ

206 1586 362 1629 τονες
399 1567 505 1637 γὰρ
546 1565 744 1619 αὐτῶν.
809 1566 947 1619 ὥστε
987 1566 1080 1618 διὰ
1118 1566 1179 1619 τὸ
1219 1564 1310 1618 κα’
1350 1572 1449 1618 τοῦ
1488 1564 1544 1618 α’
1584 1573 1696 1618 τῶν
1729 1569 1904 1627 Στοι-

207 1657 371 1724 χείων
410 1657 608 1725 μείζων
647 1657 797 1708 ἔσται
829 1676 862 1724 η
892 1654 1002 1708 ὑπὸ
1035 1654 1193 1715 ΡΑΞ
1226 1657 1401 1723 γωνία
1433 1661 1529 1723 τῆς
1558 1654 1666 1707 ὑπὸ
1699 1658 1812 1707 ΠΛ
1820 1655 1902 1709 N..

313 1744 397 1797 ὅτι
422 1740 482 1796 δὲ
507 1743 540 1811 ἡ
564 1744 674 1798 ὑπὸ
699 1748 762 1797 Π
766 1748 864 1797 ΡΑ
886 1745 1063 1812 γωνία
1087 1743 1319 1814 ἀμβλεῖά
1343 1743 1509 1814 ἐστιν,
1535 1738 1896 1813 ἑκδηλότεροιέ

205 1832 349 1886 οὕτω
382 1833 754 1902 δειχθήσεται·
796 1831 911 1886 ἐπεὶ
941 1834 1003 1886 τὸ
1036 1838 1090 1886 Α
1099 1837 1206 1887 ΒΡ
1236 1836 1512 1904 τρίγωνον
1543 1823 1897 1901 ὀρθογώνιόῧ

116 1933 173 1974 20
206 1921 378 1975 ἐστιν·
418 1921 565 1993 ὀρθὴ
604 1922 710 1993 γὰρ
750 1920 783 1989 ἡ
822 1923 961 1993 πρὸς
991 1930 1066 1994 τῷ
1100 1925 1169 1974 Β·
1211 1921 1363 1985 ἐκτὸς
1402 1919 1463 1975 δὲ
1502 1921 1674 1974 αὐτοῦ
1713 1919 1746 1989 ἡ
1785 1906 1894 1975 ὑπὸί

203 2015 385 2081 ΠΡΑ,
424 2013 621 2081 μείζων
652 2013 803 2064 ἔσται
835 2017 931 2079 τῆς
962 2010 1118 2074 ἐντὸς
1147 2008 1239 2064 καὶ
1272 2010 1623 2064 ἀπεναντίον·
1665 1998 1895 2079 ἀμβλεῖά

206 2101 327 2171 ἄρα.
419 2099 558 2153 ἀλλὰ
609 2097 701 2152 καὶ
755 2100 1032 2170 τριγώνου
1082 2107 1182 2152 τοῦ
1229 2099 1410 2160 ΑΞΝ
1456 2098 1489 2167 ἡ
1543 2098 1682 2168 πρὸς
1726 2106 1802 2170 τῷ
1850 2087 1900 2158 Ξ

209 2191 385 2257 γωνία
416 2191 614 2259 μείζων
645 2196 741 2258 τῆς
770 2189 907 2259 πρὸς
937 2197 1013 2261 τῷ
1047 2193 1131 2242 Ν·
1171 2190 1309 2242 ὥστε
1340 2186 1432 2242 καὶ
1463 2187 1497 2256 ἡ
1528 2173 1896 2241 ὑποτείνουσᾶ

206 2280 308 2348 τὴν
338 2281 559 2349 μείζονα
589 2280 800 2346 γωνίαν
827 2280 1038 2347 μείζων.
1093 2278 1127 2347 ἡ
1152 2279 1258 2348 ἄρα
1282 2283 1336 2330 A
1344 2281 1410 2331 N
1433 2279 1630 2346 μείζων
1653 2284 1749 2345 τῆς
1772 2281 1826 2330 A
1835 2265 1894 2337 Ξ

122 2393 178 2432 25
325 2383 408 2436 19.
462 2383 619 2454 Πρὸς
657 2381 835 2453 ὀρθὰς
873 2385 1078 2451 γωνίας
1111 2387 1225 2436 ἴσαι
1261 2402 1312 2452 p.
1349 2383 1433 2452 12,
1469 2378 1557 2452 18]
1599 2383 1649 2434 εί
1677 2381 1781 2451 γάρ
1814 2389 1904 2458 τις

211 2476 371 2540 εἴποι,
411 2472 485 2533 ὡς
523 2470 556 2539 ἡ
588 2473 712 2524 ΗΓ
741 2471 976 2535 κάθετός
1016 2471 1130 2524 ἐστι
1166 2471 1305 2542 πρὸς
1342 2471 1444 2539 τὴν
1477 2472 1595 2538 ΓΔ,
1635 2470 1902 2533 ὡσαύτως7

212 2558 273 2613 δὲ
310 2559 403 2613 καὶ
441 2561 475 2629 ἡ
517 2564 619 2613 ΖΒ
665 2561 803 2631 πρὸς
840 2562 942 2630 τὴν
982 2565 1108 2630 BA,
1163 2561 1335 2630 δῆλον
1381 2561 1530 2612 ἔσται
1570 2560 1631 2613 τὸ
1672 2560 1904 2665 ἄτοπονᾞ

329 2741 396 2781 19.
430 2737 507 2794 V²‚
542 2737 760 2782 deletum.

331 2919 399 2959 19.
432 2915 554 2958 Ante
586 2918 721 2958 ABP
747 2914 835 2959 del.
870 2913 974 2958 ὑπό.
