1904 3184
759 76 1150 121 oA'roP'rmoA.
1686 75 1795 129 303

37 177 60 251 ,¹¹5
217 197 292 252 sit
338 197 526 250 oculus
564 200 637 267 Β,
680 195 967 267 longitudo
1014 200 1197 250 autem
1243 196 1466 267 obliqua
1501 203 1557 251 Δ
1566 202 1636 266 Ε,
1683 216 1798 268 spe-

44 330 50 335 .
91 287 111 350 ·j
150 312 157 333 ι
192 305 287 340 um
334 290 521 340 autem
565 287 688 339 ΑΓ.
776 284 962 355 itaque
1010 285 1178 339 radiis
1222 285 1474 340 refractis
1524 291 1580 340 A
1623 287 1683 340 in
1727 291 1796 356 A,

35 361 57 456 j'
126 387 148 423 f
182 375 241 429 in
273 377 328 428 Γ
359 375 598 444 adparet,
637 378 692 427 et
724 374 867 428 sicut
896 392 954 427 re
984 393 1115 426 uera
1146 392 1203 427 se
1233 374 1417 446 habet,
1455 375 1621 429 etiam
1651 376 1797 429 uide-

34 498 37 538 J
102 481 108 486 ’
144 489 153 512 ι
232 483 375 535 esse,
417 463 642 534 propius
680 463 906 533 propius
914 506 929 533 ‚
965 463 1318 534 longinquius
1358 467 1542 518 autem
1579 464 1796 537 longin-

33 561 36 664 Ῐ
104 553 277 624 quius,

916 643 998 695 10.
1620 714 1623 716 .

33 739 34 742 ¹
201 745 611 819 'Longitudines
658 744 911 815 obliquae
955 745 1015 798 in
1055 746 1286 816 speculis
1326 747 1604 816 connexis,
1651 747 1792 802 sicut

837 853 896 887 re
935 854 1065 888 uera
1103 839 1252 906 sunt,
1287 835 1368 889 ita
1407 837 1679 906 adparent.

947 923 1233 994 longitudo
1288 924 1361 977 sit
1414 929 1551 995 EA,
1605 925 1792 980 oculus

30 1005 31 1008 '
60 1093 61 1098 Ἰ
115 1047 117 1049 ·
289 967 673 1189 θ
685 1034 736 1082 Α
838 1016 1018 1066 autem
1049 1017 1114 1083 Β,
1153 1013 1431 1083 speculum
1459 1018 1642 1067 autem
1673 1032 1796 1068 con-

100 1170 101 1173 *
835 1120 1032 1155 uexum
1071 1104 1204 1173 ΑΓ,
1249 1105 1305 1155 et
1350 1103 1487 1156 radii
1534 1103 1601 1156 ad
1638 1107 1710 1175 E,
1738 1108 1794 1157 A

28 1170 31 1219 ιι
179 1180 740 1318 Τ
835 1191 1071 1244 refracti.
1155 1191 1362 1261 reliqua
1417 1210 1547 1245 uero
1608 1193 1793 1246 eadem
1887 1252 1890 1255 ,

27 1295 29 1322 ι
58 1312 62 1337 1
104 1285 148 1339 ,π’
837 1284 977 1334 sunt.

907 1459 991 1512 11.

111 1670 244 1720 uae
271 1651 418 1706 intra
447 1671 772 1706 concursum
803 1653 1077 1706 radiorum
1111 1656 1252 1723 sunt,
1292 1671 1508 1706 sursum
1540 1653 1792 1706 deorsum

108 1766 131 1786 ιι
158 1759 294 1796 ·rsae
332 1741 617 1812 adparent,
656 1742 796 1796 sicut
832 1743 892 1795 in
931 1743 1164 1813 speculis
1201 1741 1378 1813 planis
1419 1742 1794 1813 conuexisque,

22 1845 24 1857 ⁴
66 1821 70 1836 ⁸
125 1856 130 1876 ι
161 1855 199 1876 ιι
226 1854 234 1863 ·
298 1834 478 1884 autem
533 1835 688 1884 extra
735 1850 1057 1885 concursum
1113 1835 1261 1902 sunt,
1316 1830 1458 1885 sicut
1512 1835 1660 1898 sunt,
1712 1831 1793 1885 ita

233 1945 258 1968 ιι
310 1921 584 1991 adparent.
1594 1982 1598 1987 ,

8 2079 9 2085 1
107 2035 127 2069 ,ι
219 2009 496 2079 speculum
529 2028 827 2063 concauum
860 2009 933 2063 sit
963 2015 1018 2064 A
1028 2013 1087 2080 Γ,
1127 2010 1315 2064 oculus
1347 2013 1529 2064 autem
1556 2013 1616 2076 Β,
1654 2007 1791 2063 radii

70 2124 74 2131 ·
139 2099 290 2152 utem
324 2098 545 2152 refracti
576 2102 696 2168 BA,
721 2101 834 2152 ΒΓ
863 2102 918 2152 et
949 2117 1243 2153 concursus
1275 2117 1462 2153 eorum
1491 2098 1550 2151 in
1576 2102 1637 2169 Ζ,
1675 2097 1793 2152 alti-

19 2201 36 2248 1›
107 2195 155 2247 ξι
182 2184 321 2240 ιιόε
350 2191 532 2241 autem
561 2192 678 2241 ΔΕ
706 2192 760 2241 et
793 2191 926 2259 ΚΝ,
963 2191 1090 2242 ΚΝ
1112 2189 1259 2242 intra
1292 2206 1612 2242 concursum
1643 2187 1703 2240 in
1726 2191 1792 2259 Ζ,

109 2292 135 2355 1⁵
177 2277 231 2329 E
265 2280 448 2331 autem
486 2280 640 2330 extra
678 2295 1014 2331 concursum.
1083 2277 1273 2347 itaque·
1300 2276 1465 2331 radiis
1496 2275 1792 2346 productis,

3 2527 5 2531 ’
169 2529 239 2572 14.
283 2526 343 2572 τὰ
380 2525 434 2573 δέ
472 2555 528 2560 -
569 2526 718 2601 αὐτά]
764 2528 846 2572 καὶ
891 2527 920 2585 ἡ
966 2527 1207 2581 ἀπόδειξις
1254 2524 1459 2584 φανεροὶ·
1516 2523 1654 2583 ὁμοία
1729 2524 1789 2583 ἀρ

45 2586 47 2591 ⁴
185 2601 206 2629 ι
239 2593 296 2645 τῇ
341 2586 393 2632 ἐν
430 2595 528 2639 τοῖς
566 2586 806 2638 ἐπιπεδοις
844 2586 1086 2644 ἐνόπτροις
1130 2602 1190 2632 m.
1345 2591 1412 2631 15.
1461 2586 1553 2645 ια’]
1601 2585 1660 2639 ιζ’
1744 2600 1786 2631 v.

143 2647 240 2690 .1⁷.
271 2643 375 2706 μέν]
406 2647 470 2704 μή
501 2648 561 2692 Μ.
686 2646 833 2706 ἐντός]
871 2646 1001 2698 ἐκτός
1031 2647 1091 2692 Μ.
1215 2646 1533 2704 συμπτώσεως]
1565 2645 1788 2701 πτώσεως,

164 2724 187 2739 ι·
231 2723 236 2741 ³
287 2718 372 2750 aer.
405 2721 512 2764 συμ,
552 2722 612 2752 m.
764 2712 833 2752 ⁶20.
878 2705 1018 2765 ἔστιν]
1061 2704 1153 2750 ἔστι
1190 2705 1251 2750 Μ.
1403 2710 1472 2749 22.
1513 2704 1789 2763 σύμπτωσις]

135 2762 169 2806 ’ἶῑ
202 2764 390 2817 -τώσεις
425 2765 522 2812 Vv.
676 2771 747 2811 23.
785 2765 837 2810 τό
862 2766 992 2824 (pr.)]
1035 2772 1118 2810 τοῦ
1148 2780 1208 2810 m.
1362 2768 1431 2809 2¹4.
1471 2764 1574 2823 τοῦ]
1608 2777 1695 2809 om.
1729 2778 1788 2809 m.

38 2861 44 2868 .
136 2821 236 2885 Δί2]
270 2820 359 2871 ins.
388 2839 449 2871 m.
483 2831 506 2870 1
547 2826 603 2872 V.
756 2831 826 2870 25.
865 2833 958 2870 τῶν
999 2824 1176 2884 ὄψεων]
1216 2837 1304 2869 om.
1338 2823 1453 2868 Mm.
1607 2829 1675 2869 26.
1716 2822 1790 2868 ἐν·

143 2908 153 2929 z
172 2882 318 2942 οις]
349 2882 591 2943 ἐνόπτροις
620 2894 713 2931 τῶν
745 2884 903 2942 ὄψεων
934 2900 995 2942 m,
1030 2883 1269 2940 ἐνόπτροις
1299 2880 1518 2940 ἐφαίνετο
1550 2882 1610 2927 Μ,

217 1562 550 1616 Altitudines
598 1566 653 1616 et
698 1564 1098 1633 profunditates
1142 1564 1215 1616 in
1248 1562 1479 1634 speculis
1527 1563 1795 1634 comanis,
1869 1560 1873 1563 “
