1904 3184
197 123 268 177 96
765 125 1050 168 Encmms
1082 125 1313 169 οΡΓῙοΑ.

194 245 302 298 ὑπὸ
341 248 543 314 ΑΗΒ,
590 242 710 298 ἀλλ’
753 243 787 313 ἡ
830 243 939 297 ὑπὸ
979 247 1156 297 ΑΗΒ
1202 252 1299 314 τῆς
1335 245 1443 299 ὑπὸ
1484 249 1647 298 ΑΔΒ
1687 249 1884 316 μείζων

196 333 370 403 ἐστίν,
424 331 517 387 καὶ
563 333 596 402 ἡ
642 333 752 387 ὑπὸ
798 337 965 386 ΑΖΒ
1020 334 1128 404 ἄρα
1179 341 1276 403 τῆς
1320 334 1428 387 ὑπὸ
1475 339 1639 388 ΑΔΒ
1687 338 1883 405 μείζων

197 422 363 477 ἐστίν.
438 421 531 476 καὶ
576 422 685 476 ὑπὸ
729 420 830 492 μὲν
877 430 974 491 τῆς
1010 422 1119 476 ὑπὸ
1158 426 1328 475 ΑΖΒ
1372 424 1435 476 τὸ
1476 427 1583 476 ΑΒ
1631 422 1885 493 βλέπεται

195 519 295 566 τοῦ
334 514 575 582 ὄμματος
613 510 698 565 ἐπὶ
740 519 840 565 τοῦ
875 516 920 564 Ζ
959 513 1135 581 ὄντος,
1175 512 1377 581 ὁμοίως
1415 510 1475 565 δὲ
1513 511 1606 566 καὶ
1642 513 1751 567 ὑπὸ
1790 521 1886 582 τῆς

140 609 166 649 ὅ
196 601 305 655 ὑπὸ
337 605 505 654 ΑΔΒ
546 598 635 654 ἐπὶ
665 608 766 654 τοῦ
797 606 854 654 Δ
892 602 1066 664 ὄντος.
1129 601 1325 654 ἄνισον
1364 602 1471 672 ἄρα
1510 603 1570 655 τὸ
1603 602 1885 672 ὁρώμενον

195 693 450 760 φαίνεται
489 689 594 743 ἀπὸ
634 699 746 743 τῶν
785 695 857 758 Δ,
891 693 951 743 Ζ.

303 777 395 831 καὶ
436 778 533 832 ἐὰν
571 784 707 849 τεθῇ
749 783 838 847 ἴση
878 786 943 849 τῇ
981 784 1036 832 Δ
1049 783 1094 831 Ζ
1143 778 1177 847 ἡ
1220 782 1344 848 ΖΓ,
1392 782 1617 833 ἔλαττον
1655 777 1755 849 μὲν
1793 778 1885 833 καὶ

195 867 300 921 ἀπὸ
331 875 431 921 τοῦ
458 870 512 921 Γ
541 870 796 937 φαίνεται
827 867 964 938 ἤπερ
998 866 1104 920 ἀπὸ
1136 874 1236 920 τοῦ
1271 871 1333 936 Ζ,
1373 867 1478 921 ἀπὸ
1512 865 1571 921 δὲ
1603 876 1715 920 τῶν
1744 870 1804 936 Γ,
1830 873 1885 921 Δ

197 961 334 1010 ἴσον.

107 1056 162 1095 10
986 1044 1098 1115 μὸ’.

305 1147 434 1202 Εἰσὶ
473 1151 649 1218 τόποι,
690 1147 777 1219 ἐφ’
815 1147 912 1211 οὓς
950 1155 1050 1201 τοῦ
1087 1149 1327 1218 ὄμματος
1357 1148 1786 1220 μετατιθεμένου
1818 1147 1904 1203 τιὶῑ

199 1243 289 1292 ἴσα
327 1236 534 1308 μεγέθη
573 1236 666 1291 καὶ
703 1247 903 1300 κοινῶς
942 1236 1291 1306 ἀπολαβόντα
1329 1239 1532 1301 τόπους
1562 1239 1717 1301 τινὰς
1753 1236 1904 1305 nov->34

194 1324 295 1397 μὲν
337 1332 451 1396 ἴσα,
489 1325 620 1381 ποτὲ
660 1324 720 1380 δὲ
759 1328 923 1380 ἄνισα
963 1329 1233 1396 φαίνεται.
1898 1335 1899 1338 ’

306 1419 441 1470 ἔστω
483 1417 628 1486 ὄμμα
667 1413 767 1486 μὲν
805 1417 866 1469 τὸ
911 1419 981 1484 Θ,
1020 1414 1227 1484 μεγέθη
1270 1413 1330 1468 δὲ
1369 1417 1435 1469 τὰ
1475 1420 1603 1486 ΑΒ,
1635 1419 1754 1485 ΒΓ,
1793 1407 1904 1475 nal?

107 1516 161 1557 15
193 1507 351 1576 ἤχθω
399 1506 505 1559 ἀπὸ
553 1513 652 1559 τοῦ
703 1509 751 1558 Β
803 1505 943 1577 πρὸς
989 1503 1167 1575 ὀρθὰς
1212 1503 1246 1573 ἡ
1294 1507 1399 1558 ΒΖ
1456 1504 1548 1559 καὶ
1593 1508 1904 1576 προσεκβε-ἷ·

190 1596 421 1664 βλήσθω
481 1592 569 1648 ἐπὶ
623 1595 684 1648 τὸ
737 1599 807 1647 Δ.
907 1593 1153 1664 φανερὸν

192 1685 286 1753 δή,
358 1685 442 1738 ὄτι
506 1682 639 1736 καθ’
697 1683 998 1737 ὁποιονοῦν
1057 1689 1154 1751 τῆς

195 1777 304 1826 ΖΔ
355 1772 519 1844 μέρος
565 1771 634 1826 ἂν
688 1777 825 1842 τεθῇ
879 1772 940 1824 τὸ
987 1773 1150 1841 ὄμμα,

192 1863 259 1915 τὰ
312 1866 456 1931 ΑΒ,
503 1864 621 1914 ΒΓ
682 1866 772 1914 ἴσα
834 1861 1151 1931 φανήσεται.

103 1961 160 2001 20
191 1954 533 2022 μετακείσθω
596 1951 665 2019 δὴ
726 1950 787 2003 τὸ
854 1951 999 2019 ὄμμα
1059 1947 1152 2002 καὶ

191 2044 328 2095 ἔστω
368 2041 430 2094 τὸ
462 2044 525 2094 Ε.
595 2039 753 2109 λέγω,
793 2038 877 2091 ὅτι
913 2038 1019 2092 ἀπὸ
1051 2045 1150 2091 τοῦ

190 2135 244 2184 Ε
278 2132 443 2183 ἄνισα
482 2132 752 2199 φαίνεται.
820 2124 1150 2198 προσπιπτέ-

190 2234 375 2273 τωσαν
437 2219 650 2281 ἀκτῖνες
711 2219 772 2271 αἱ
822 2221 964 2286 ΑΕ,
1011 2221 1149 2283 ΕΒ,
1899 2285 1904 2291 ‚

191 2311 320 2378 ΕΓ,
381 2306 473 2362 καὶ
526 2307 956 2379 περιγεγράφθω
1011 2306 1137 2378 περὶ
1191 2308 1253 2361 τὸ
1304 2309 1475 2360 ΑΓΕ
1524 2309 1798 2378 τρίγωνον
1851 2304 1904 2362 6*

105 2406 159 2446 25
193 2400 432 2451 ΑΕΔΓ
459 2398 682 2466 κύκλος,
736 2395 828 2449 καὶ
874 2398 1372 2467 προσεκβεβλήσθω
1419 2403 1485 2467 τῇ
1527 2399 1632 2449 ΕΒ
1680 2396 1712 2465 ἡ
1752 2396 1895 2449 BH,

194 2485 308 2540 ἐπεὶ
362 2482 466 2540 οὖν
522 2491 611 2555 ἴση
659 2485 692 2554 ἡ
740 2490 856 2538 ΑΛ
908 2484 1228 2556 περιφέρεια
1270 2492 1336 2555 τῇ
1382 2487 1501 2538 ΔΓ
1545 2487 1893 2557 περιφερείᾳ,

194 2577 390 2645 μείζων
438 2572 499 2628 δὲ
544 2574 577 2643 ἡ
625 2577 808 2628 ΑΔΗ
848 2573 1168 2646 περιφέρεια
1214 2580 1310 2642 τῆς
1351 2576 1474 2626 ΗΓ
1516 2571 1891 2654 περιφερείας,

314 2756 351 2795 1.
386 2752 540 2807 μεῖζον
572 2765 615 2796 v.
760 2755 798 2794 2.
846 2748 939 2794 ἐστί
969 2749 1187 2794 Vat.vm.
1325 2749 1480 2805 μεῖζον
1511 2763 1552 2792 v,
1706 2753 1746 2793 3.
1788 2747 1863 2793 ἐστ

193 2810 407 2854 Vat.vm.
544 2809 636 2855 ὑπό
655 2808 791 2867 (alt.)]
826 2824 914 2853 om.
947 2824 988 2854 v.
1128 2813 1169 2854 4.
1203 2805 1284 2853 καί
1342 2808 1423 2852 καὶ
1453 2808 1482 2865 ἡ
1515 2823 1556 2852 v.
1695 2811 1734 2852 5.
1767 2805 1879 2866 ὑπό]

195 2869 282 2913 del.
317 2884 376 2914 m,
410 2874 436 2913 2
468 2870 593 2927 Vah„
627 2883 714 2914 om.
748 2869 858 2914 Vm.
982 2873 1021 2913 6.
1056 2868 1171 2927 ἀπό]
1204 2868 1295 2912 ὑπο
1328 2867 1461 2912 codd.
1595 2872 1632 2911 7.
1665 2866 1715 2925 ἡ]
1749 2873 1804 2925 τῇ
1834 2878 1882 2910 v..

255 2927 454 2973 ἐλάττων
486 2944 545 2974 m.
650 2932 690 2973 8.
727 2931 770 2972 Γ
789 2929 911 2987 (pr.)]
947 2931 1000 2972 N
1025 2943 1066 2973 v.
1174 2931 1242 2971 10.
1276 2927 1378 2986 μδ’]
1413 2940 1498 2971 om.
1535 2941 1576 2982 v,
1608 2926 1685 2970 νδ’
1711 2926 1766 2982 V,
1799 2922 1876 2983 νβ’
