1904 3184
227 157 300 210 64
797 157 1081 200 EUCLIDIS
1113 157 1343 200 OPTICA.

227 287 339 332 τῶν
380 281 499 347 ΓΖ,
541 281 650 330 ΖΔ
697 276 849 330 ε’στιν
895 275 1058 347 ὀρθή.
1134 277 1196 329 αἶ
1238 273 1299 328 δὲ
1345 274 1516 347 ὀρθαὶ
1564 280 1703 344 ἴσαι,
1750 276 1816 328 τὰ
1855 273 1904 329 δέ

226 367 334 420 ὑπὸ
377 372 514 419 ἴσων
552 375 774 435 γωνιῶν
807 365 1058 436 ὁρώμενα
1092 370 1183 418 ἴσα
1216 367 1486 434 φαίνεται.
1552 370 1640 434 ἴση
1673 366 1779 436 ἄρα
1811 385 1904 435 φα-

226 457 450 524 νήσεται
488 453 580 507 καὶ
618 454 652 523 ἡ
693 458 802 507 ΑΒ
842 462 907 525 τῇ
949 457 1063 507 ΓΔ.

339 544 478 598 ἀλλὰ
517 545 585 612 δὴ
625 543 658 611 ἡ
699 548 752 596 A
763 547 808 595 Z
854 544 986 612 μήτε
1027 548 1117 612 ἴση
1157 545 1293 596 ἔστω
1341 552 1406 614 τῇ
1450 542 1508 596 ἐκ
1546 550 1645 596 τοῦ
1684 541 1904 613 κέντροῑ

169 645 195 684 5
228 636 360 703 μήτε
413 634 551 704 πρὸς
597 632 774 703 ὀρθὰς
826 639 902 704 τῷ
956 639 1056 685 τοῦ
1102 633 1309 685 κύκλου
1365 631 1627 705 ἐπιπέδῳ,
1684 637 1804 695 ἴσας
1858 629 1904 685 δί

226 726 433 792 γωνίας
484 725 706 775 ποιείτω
761 722 858 784 τὰς
905 720 1014 775 ὑπὸ
1062 725 1254 790 ΔΑΖ,
1296 723 1468 774 ΖΑΓ
1513 720 1605 774 καὶ
1659 721 1756 784 τὰς
1807 720 1904 774 ὑπὲ

226 817 337 866 EA
349 817 411 881 Z,
453 814 632 864 ΖΑΒ.
709 809 875 879 λέγω,
915 810 998 864 ὅτι
1037 808 1129 863 καὶ
1168 810 1346 873 οὕτως
1384 811 1446 863 αἱ
1481 810 1761 881 διάμετροι
1804 815 1904 863 ἴσαι

228 903 572 971 φανήσονται
582 900 645 953 αἰ
651 916 768 952 ποι-

229 998 390 1044 οὖσαι
407 990 505 1053 τὰς
522 994 643 1052 ἴσας
666 1008 767 1057 γω-

141 1091 198 1131 10
228 1082 366 1142 νίας.

341 1167 455 1221 ἐπεὶ
501 1169 606 1236 γὰρ
653 1172 766 1220 ἴσαι

227 1256 369 1312 εἰσὶν
412 1258 474 1310 αἱ
508 1254 609 1327 μὲν
649 1259 766 1325 ΓΛ,

215 1342 338 1400 ἈΖ
363 1357 483 1410 ταῖς
503 1350 619 1415 ZA,
637 1350 766 1414 AA,

228 1437 290 1490 αἱ
348 1434 408 1489 δὲ
471 1439 606 1503 ΒΑ,
656 1440 710 1488 Α
721 1439 766 1488 Ζ

142 1539 196 1579 15
228 1536 348 1589 ταῖς
374 1529 492 1594 ΖΑ,
516 1529 643 1594 ΑΕ,
674 1523 766 1578 καὶ

228 1617 290 1668 αἱ
363 1617 560 1683 γωνίαι
635 1619 766 1683 ἴσαι,

227 1704 388 1773 βάσις
419 1706 525 1775 ἄρα
549 1704 582 1773 ἡ
609 1709 664 1756 Δ
676 1707 720 1755 Ζ
751 1702 908 1772 βάσει
932 1711 998 1774 τῇ
1025 1705 1136 1756 ΖΓ
1159 1707 1248 1772 ἴση
1274 1702 1444 1756 ἐστίν·
1478 1704 1614 1757 ὥστε
1638 1702 1730 1756 καὶ
1752 1703 1786 1772 ἡ
1809 1702 1904 1759 inti

226 1797 395 1845 AZA
436 1797 525 1861 ἴση
564 1800 630 1862 τῇ
669 1793 778 1846 ὑπὸ
818 1795 998 1845 ΑΖΓ.
1060 1791 1262 1862 ὁμοίως
1300 1794 1369 1862 δὴ
1409 1791 1674 1863 δείξομεν,
1714 1794 1797 1847 ὅτι
1828 1789 1904 1847 καὶ

228 1880 263 1949 ἡ
301 1880 410 1934 ὑπὸ
450 1885 619 1933 ΕΖΑ
659 1886 748 1949 ἴση
789 1879 903 1933 ἐστὶ
941 1888 1006 1951 τῇ
1044 1880 1154 1934 ὑπὸ
1194 1885 1375 1934 ΑΖΒ.
1454 1882 1552 1950 ὅλη
1592 1883 1699 1953 ἄρα
1737 1881 1904 1950 ἡκὺπὲ

141 1984 198 2024 20
229 1974 395 2023 ΔΖΒ
444 1975 534 2038 ἴση
583 1967 698 2022 ἐστὶ
743 1977 808 2040 τῇ
846 1969 954 2023 ὑπὸ
995 1972 1170 2023 ΕΖΓ.
1249 1971 1386 2024 ὥστε
1424 1970 1517 2024 καὶ
1556 1972 1618 2024 αἰ
1652 1975 1782 2040 ΔΒ,
1814 1972 1904 2026 ΕΙ

228 2059 510 2129 διάμετροι
552 2063 666 2111 ἴσαι
704 2060 1065 2128 φανήσονται.

1029 2221 1124 2276 λε’.

335 2324 462 2379 Ἐὰν
509 2323 570 2379 δὲ
615 2325 648 2394 ἡ
697 2325 802 2379 ἀπὸ
848 2333 949 2379 τοῦ
989 2328 1230 2396 ὄμματος
1273 2330 1412 2400 πρὸς
1449 2329 1511 2382 τὸ
1550 2327 1782 2400 κέντρον
1817 2331 1904 2383 τοί

228 2416 436 2469 κύκλου
474 2417 894 2487 προσπίπτουσα
932 2417 1064 2485 μήτε
1102 2418 1241 2488 πρὸς
1278 2418 1455 2489 ὀρθὰς
1491 2413 1527 2489 ᾖ
1565 2426 1641 2491 τῷ
1681 2417 1904 2493 έπιπέδᾳ

140 2517 197 2558 25
229 2512 329 2557 τοῦ
381 2505 589 2558 κύκλου
643 2505 775 2574 μήτε
828 2512 895 2575 τῇ
941 2504 1000 2558 ἐκ
1045 2513 1146 2558 τοῦ
1192 2505 1426 2578 κέντρου
1482 2512 1572 2577 ἴση
1618 2510 1751 2577 μήτε
1797 2513 1904 2573 ἴσαι

229 2596 434 2662 γωνίας
477 2591 828 2665 περιέχουσα,
882 2595 943 2646 αἱ
992 2595 1274 2667 διάμετροι
1327 2597 1510 2650 ἄνισοι
1554 2599 1904 2667 φανήσονται1

229 2683 368 2753 πρὸς
406 2681 471 2745 ἃς
507 2691 658 2735 ποιεῖ
691 2681 920 2745 ἀνίσους
957 2686 1177 2750 γωνιάς.

351 2847 389 2887 1.
431 2844 544 2901 τῶν]
585 2856 672 2887 om.
705 2842 908 2887 Vat.¹m.
1066 2845 1178 2904 ZA]
1227 2848 1262 2888 Ζ
1297 2844 1387 2890 del.
1423 2846 1476 2891 V.
1630 2847 1756 2904 ὀρθή
1795 2847 1871 2891 ἐστ
1902 2809 1904 2851 3

230 2903 391 2947 Vab.v.
514 2907 554 2946 4.
589 2902 638 2958 μ’
665 2901 721 2957 V,
754 2901 828 2959 λη’
854 2917 912 2946 m.
947 2906 973 2945 2
1005 2903 1112 2948 Vat.
1227 2904 1276 2963 ἡ]
1309 2904 1390 2949 καὶ
1420 2905 1449 2963 ἡ
1481 2905 1640 2952 Vat.v.
1766 2912 1804 2951 6.
1836 2854 1904 3015 mlx]

229 2961 312 3012 τὰς
343 2960 454 3020 ὑπό]
495 2961 545 3004 in
575 2976 664 3006 ras.
697 2961 752 3018 V,
799 2959 883 3012 τὰς
912 2961 1004 3006 ὑπό
1044 2977 1131 3007 om.
1165 2978 1215 3021 v,
1261 2978 1321 3009 m.
1357 2970 1382 3009 2
1414 2965 1520 3011 Vat.
1675 2972 1713 3012 7.
1755 2964 1896 3018 οὕτως

1891 3017 1904 3184 fl
