1904 3184
166 627 192 666 5

138 1073 193 1112 10

139 1518 193 1558 15

137 1962 195 2003 20

137 2407 193 2448 25

230 137 259 189 7
266 138 299 190 6
799 139 1084 182 EUCLIDIS
1115 139 1347 183 OPTICA.

226 259 334 313 ὑπὸ
373 263 551 313 ΗΕΘ
597 262 733 328 ἄλλη
779 262 877 329 μία
923 260 1064 329 μόνη
1113 264 1202 328 ἴση
1244 262 1651 328 συσταθήσεται
1692 260 1904 331 ἄφαιρε·

227 353 422 418 θείσης
454 354 575 418 ἴσης
605 358 671 420 τῇ
702 351 769 401 Η
771 353 824 401 Α
854 356 951 418 τῆς
974 351 1095 401 AT
1125 346 1217 400 καὶ
1250 347 1657 418 ἐπιζευχθείσης
1687 357 1783 419 τῆς
1822 353 1904 404 T2

227 437 318 491 καὶ
366 438 726 507 ἐκβληθείσης
780 436 868 490 ἐπὶ
912 439 974 491 τὸ
1022 442 1080 491 Σ
1129 438 1162 506 ἡ
1215 437 1325 491 ὑπὸ
1379 440 1430 489 T
1430 442 1483 490 E
1491 441 1556 490 Σ.
1648 446 1812 492 τοῦτο
1861 435 1904 494 δ]

227 528 400 596 δῆλον
438 527 544 580 ἀπὸ
583 536 697 580 τῶν
733 527 873 597 πρὸς
910 536 1027 590 τοῖς
1066 527 1133 595 Ξ,
1170 531 1240 595 0,
1273 531 1338 580 H
1369 536 1605 595 γωνιῶν.
1682 526 1775 581 καὶ
1814 530 1904 601 γα(

224 617 438 669 τούτων
478 615 732 684 ἐλαχίστη
771 612 873 685 μὲν
909 614 944 684 ἡ
983 620 1064 684 Π,
1105 614 1220 669 ἐπεὶ
1258 614 1350 669 καὶ
1388 615 1422 684 ἡ
1461 615 1569 669 ὑπὸ
1610 620 1788 670 ΠΝΛ
1829 622 1904 686 ἴστ4

227 703 342 758 ἐστὶ
388 712 453 775 τῇ
499 704 608 758 ὑπὸ
648 708 810 757 ΕΖΑ
857 703 1111 774 ἐλαχίστῃ
1158 707 1357 776 γωνίᾳ,
1412 707 1637 774 μεγίστη
1686 702 1747 758 δὲ
1793 705 1826 774 ἡ
1874 707 1904 767 ,Ξ

227 795 320 847 διὰ
358 795 420 847 τὸ
459 795 598 865 πρὸς
635 793 814 865 ὀρθὰς
852 789 995 847 εἶναι
1032 794 1134 862 τὴν
1169 793 1287 854 ΝΞ
1320 796 1582 863 μεγίστην
1620 793 1904 864 γινομένη]

226 893 337 936 τῶν
391 884 485 936 διὰ
539 890 639 936 τοῦ
686 887 751 937 Ν
798 882 1145 953 διαγομένων
1199 883 1439 936 εὐθειῶν
1492 882 1553 936 ἐν
1606 891 1683 955 τῷ
1732 884 1904 944 ΛΞΜ

225 974 460 1042 τμήματι
505 970 598 1026 καὶ
635 973 738 1042 τὴν
777 977 905 1041 ἴσην
944 972 1083 1043 αὐτῇ
1122 970 1421 1041 τιθεμένην
1457 971 1819 1043 ὑπερπίπτειν
1857 973 1904 1029 τὶ

226 1062 417 1122 ΛΞΜ
446 1070 627 1132 τμῆμα
665 1059 758 1114 καὶ
796 1062 858 1115 τὸ
897 1059 998 1131 μὲν
1034 1061 1084 1122 Ξ
1119 1061 1370 1114 ἐσωτάτω
1409 1064 1629 1114 πίπτειν
1666 1063 1728 1115 τὸ
1770 1060 1831 1116 δὲ
1862 1066 1904 1118 fi

226 1149 472 1215 ἐξωτάτω
505 1152 598 1204 ἅτε
628 1151 895 1220 μηδεμιᾶς
928 1149 1219 1212 ἐλάττονος
1250 1152 1456 1218 γωνίας
1487 1151 1656 1218 οὔσης
1685 1159 1781 1220 τῆς
1811 1151 1904 1207 ὑπὶ

226 1243 416 1293 ΠΝΛ.
494 1247 590 1309 τῆς
635 1237 696 1292 δὲ
740 1238 849 1292 ὑπὸ
889 1242 1063 1292 ΕΖΤ
1102 1244 1224 1307 ἴσης
1262 1240 1431 1307 οὔσης
1477 1247 1542 1310 τῇ
1581 1239 1689 1293 ὑπὸ
1729 1242 1904 1294 ΕΖΗ

226 1329 300 1392 ὡς
338 1328 744 1406 προδέδεικται,
798 1327 889 1382 καὶ
936 1329 969 1398 ἡ
1011 1327 1204 1398 ἐφεξῆς
1246 1330 1353 1399 ἄρα
1391 1327 1424 1397 ἡ
1462 1328 1571 1382 ὑπὸ
1611 1333 1786 1382 ΕΖΣ
1828 1334 1904 1400 ἴστ1

227 1416 342 1471 ἐστὶ
379 1426 445 1489 τῇ
483 1417 591 1471 ὑπὸ
623 1421 728 1470 ΕΖ
743 1421 805 1486 Θ,
844 1415 1093 1470 τουτέστι
1124 1424 1191 1488 τῇ
1221 1417 1329 1471 ὑπὸ
1366 1421 1484 1471 ΟΝ
1487 1421 1565 1470 Μ
1630 1419 1767 1471 ὥστε
1799 1416 1904 1472 ἑκα-

226 1506 356 1577 τέρα
394 1517 507 1561 τῶν
545 1507 654 1560 ὑπὸ
702 1509 879 1574 ΤΕΣ,
911 1509 1087 1559 ΗΕΘ
1125 1514 1191 1577 τῇ
1229 1507 1368 1577 πρὸς
1406 1514 1480 1578 τςό
1521 1511 1568 1559 Ο
1607 1511 1722 1559 ἴσαι
1761 1508 1904 1561 εἰσίν

226 1597 258 1665 ἡ
299 1597 405 1667 ἄρα
444 1599 563 1649 ΗΘ
600 1604 666 1667 τῇ
715 1598 824 1648 ΤΣ
859 1600 949 1663 ἴση
989 1597 1307 1665 φανήσεται.

338 1688 474 1739 ἔστω
523 1684 763 1738 ἐλάττων
807 1683 842 1752 ἡ
890 1683 995 1738 ἀπὸ
1035 1691 1135 1737 τοῦ
1175 1685 1415 1754 ὄμματος
1462 1683 1548 1738 ἐπὶ
1587 1685 1648 1738 τὸ
1688 1683 1904 1754 κέντροι

227 1773 652 1843 ἐπιζευγνυμένη
691 1780 788 1843 τῆς
826 1773 885 1827 ἐκ
923 1780 1023 1826 τοῦ
1061 1771 1308 1844 κέντρου.
1373 1773 1510 1827 ἀλλὰ
1550 1775 1619 1843 δὴ
1658 1771 1783 1843 περὶ
1822 1773 1904 1838 τὰςι

227 1862 556 1934 διαμέτρους
601 1863 953 1916 τούναντίον·
1007 1861 1041 1930 ἡ
1096 1863 1201 1933 γὰρ
1251 1865 1523 1933 πρότερον
1569 1866 1766 1933 μείζων
1811 1869 1904 1917 νῦι

228 1952 476 2006 ἐλάσσων
506 1953 828 2021 φανήσεται,
858 1950 892 2020 ἡ
919 1948 978 2004 δὲ
1004 1951 1252 2005 ἐλάσσων
1282 1955 1494 2022 μείζων.
1550 1954 1686 2006 ἔστω
1718 1953 1904 2016 κύκλος

227 2041 255 2095 ὁ
297 2043 537 2109 ΑΒΓΔ,
584 2039 676 2093 καὶ
715 2041 1040 2109 διήχθωσαν
1079 2042 1183 2094 δύο
1223 2042 1505 2113 διάμετροι
1553 2042 1615 2094 αἱ
1650 2045 1783 2109 AB,
1817 2043 1871 2094 Γ
1862 2050 1904 2095 Δ

226 2127 521 2199 τέμνουσαι
560 2128 799 2197 ἀλλήλας
835 2130 974 2200 πρὸς
1012 2129 1213 2200 ὀρθάς,
1262 2128 1417 2200 ἑτέρα
1456 2128 1522 2183 δέ
1554 2149 1638 2192 τις
1676 2137 1904 2199 τυχοῦσα

227 2220 442 2288 διήχθω
483 2217 515 2286 ἡ
556 2221 687 2286 ΕΖ,
726 2219 871 2288 ὄμμα
911 2215 972 2271 δὲ
1011 2221 1146 2272 ἔστω
1187 2220 1248 2272 τὸ
1292 2223 1362 2287 Θ,
1414 2217 1512 2289 ἀφ’
1549 2216 1616 2273 οὗ
1655 2218 1688 2287 ἡ
1730 2217 1816 2272 ἐπὶ
1854 2217 1904 2272 τὲ

227 2307 458 2378 κέντρον
499 2307 876 2377 ἐπιζευχθεῖσα
916 2310 1052 2361 ἔστω
1095 2308 1125 2376 ἡ
1166 2312 1286 2362 ΗΘ
1332 2309 1579 2362 ἐλάσσων
1618 2305 1757 2362 οὖσα
1797 2306 1904 2361 ἑκα-

226 2396 386 2468 τέρας
425 2407 536 2451 τῶν
575 2397 633 2451 ἐκ
671 2405 771 2450 τοῦ
810 2396 1057 2468 κέντρου.
1120 2396 1211 2450 καὶ
1242 2402 1449 2452 κείσθω
1481 2405 1545 2469 v?
1578 2405 1678 2451 τοῦ
1710 2397 1904 2451 κύκλου

346 2639 386 2677 2.
419 2636 455 2675 A
473 2633 538 2691 T]
573 2646 686 2677 corr.
714 2645 770 2676 ex
793 2635 887 2676 ΑΓ
910 2633 1033 2689 Vat„
1065 2636 1158 2677 ΑΓ
1182 2648 1241 2677 m.
1336 2631 1708 2690 ἐπειζευχθήσεις
1737 2646 1780 2676 v.
1872 2633 1904 2675 5⁴

226 2691 338 2749 ὑπό]
371 2691 464 2735 ἀπό
496 2707 538 2736 v,
670 2696 709 2736 6.
743 2693 810 2750 Ξ]
848 2695 883 2735 Ζ
913 2707 972 2736 m.
1106 2697 1143 2737 7.
1180 2693 1305 2751 ΝΞ]
1341 2694 1437 2736 ΝΖ
1467 2707 1526 2737 m.
1662 2696 1701 2735 8.
1734 2688 1904 2750 ΛΞΜ

227 2754 337 2794 ΛΜ
344 2754 378 2794 Ζ
410 2751 533 2807 Vah„
575 2750 657 2794 sed
689 2764 801 2795 corn
941 2755 980 2796 9.
1014 2753 1158 2808 αὐτῆς
1188 2752 1347 2797 Vat.v.
1485 2749 1760 2807 ὑπερπίπτει
1792 2765 1834 2806 v,
1866 2750 1904 2793 61

227 2809 357 2866 Vat„
407 2810 488 2854 sed
528 2823 642 2855 corr.
798 2815 866 2855 10.
915 2808 1073 2854 πίπτει
1110 2826 1152 2856 v.
1306 2812 1376 2869 H]
1420 2810 1470 2854 in
1507 2825 1596 2855 raS.
1636 2810 1692 2855 V.
1844 2810 1904 2852 122

228 2883 547 2941 HNA]A111
583 2898 671 2928 ras.
704 2884 759 2929 V.
873 2887 961 2928 ΕΖ
991 2892 1046 2941 τῆ
1065 2899 1146 2942 σης
1176 2900 1218 2929 v.
1329 2885 1499 2943 EZH]
1533 2870 1674 2928 ΕΖΗ
1699 2899 1741 2928 v.
1843 2885 1904 2926 141

230 2943 421 3001 ONM]
455 2946 621 2988 OMN
646 2959 705 2988 m.
853 2949 921 2989 15.
957 2945 1127 3004 ΗΕΘ]
1159 2944 1210 2990 in
1239 2958 1328 2989 ras.
1362 2944 1416 2989 V.
1541 2942 1637 2988 ἴσαι
1670 2940 1805 3001 εἰσίν]
1838 2940 1904 2997 ἴση
