1904 3184
191 82 296 136 138
568 84 830 126 SCHOLIA
858 84 924 126 IN
952 83 1240 126 EUCLIDIS
1272 83 1503 126 OPTICA„
1882 0 1904 160 ἶ

189 202 280 258 καὶ
319 203 352 272 ἡ
386 207 491 257 ΕΖ
529 211 594 274 τῇ
631 205 752 257 ΓΔ·
792 202 953 272 βάσις
984 204 1090 275 ἄρα
1126 203 1160 272 ἡ
1193 205 1306 256 ΕΓ
1336 202 1493 272 βάσει
1531 210 1596 273 τῇ
1633 201 1746 263 ΛΞ
1781 193 1904 274 ἴση,’ἶ

189 292 281 347 καὶ
321 295 383 346 αἱ
419 291 605 346 λοιπαὶ
649 294 846 360 γωνίαι
885 301 1005 355 ταῖς
1043 296 1263 355 λοιπαῖς
1301 293 1549 360 γωνίαις·
1591 295 1682 360 ἴση
1716 292 1822 361 ἄρα
1853 289 1900 360 ἡ

190 382 300 437 ὑπὸ
349 385 511 436 ΓΕΖ
565 389 630 452 τῇ
677 381 786 434 ὑπὸ
835 380 1024 441 AEN.
1118 382 1212 434 διὰ
1257 381 1325 434 τὰ
1371 380 1510 434 αὐτὰ
1563 378 1656 433 καὶ
1701 379 1735 448 ἡ
1780 380 1904 434 ὑπὸ

197 476 363 527 ΖΕΔ
411 477 500 540 ἴση
544 479 609 542 τῇ
649 470 758 524 ὑπὸ
798 470 999 531 ΝΞΜ
1078 471 1176 539 ὅλη
1217 471 1323 541 ἄρα
1362 469 1395 538 ἡ
1435 469 1543 523 ὑπὸ
1587 472 1752 523 ΓΕΔ
1800 474 1893 539 ἴση

137 574 164 614 5
198 560 312 615 ε’στὶ
350 568 415 631 τῇ
454 560 564 614 ὑπὸ
606 559 806 620 ΛΞΜ
1898 554 1904 557 ’

308 667 394 719 66.
439 663 634 719 ’Ἐσται
684 665 753 734 δὴ
800 666 898 717 καί
938 683 989 734 p.
1025 665 1117 733 74,
1151 663 1208 733 8]
1254 662 1370 717 ἐπεὶ
1409 645 1442 732 ἦ
1481 666 1596 716 ΗΖ
1644 667 1734 731 ἴση
1775 659 1904 716 ἐστὶ·

195 764 260 826 τῇ
287 758 421 824 ΛΝ,
453 753 487 823 ἡ
521 751 581 808 δὲ
608 757 715 807 ΖΕ
743 751 985 822 ὑπετέθη
1019 758 1110 822 ἴση
1143 762 1208 824 τῇ
1233 757 1367 822 ΝΟ,
1397 750 1488 806 καὶ
1521 751 1553 821 ἡ
1585 751 1694 805 ὑπὸ
1720 753 1904 806 ΗΖΕ

198 850 290 913 ἴση
329 853 395 915 τῇ
434 843 544 897 ὑπὸ
584 847 779 912 ΛΝΟ,
820 845 971 897 ἔσται
1010 841 1102 895 καὶ
1142 843 1175 912 ἡ
1207 845 1331 895 ΕΗ
1361 842 1522 911 βάσις
1561 846 1652 910 ἴση
1691 848 1756 911 τῇ
1793 824 1904 895 OA

197 932 288 987 καὶ
334 934 397 986 τὸ
445 935 720 1003 τρίγωνον
767 940 843 1005 τῷ
892 932 1145 1004 τριγώνῳ
1200 929 1293 984 καὶ
1339 930 1373 999 ἡ
1419 930 1527 984 ὑπὸ
1574 934 1748 984 ΗΕΖ
1804 933 1904 1006 ἴση’

113 1034 168 1074 10
199 1032 264 1094 τῇ
309 1022 418 1076 ὑπὸ
459 1025 650 1075 ΛΟΝ.
729 1020 845 1075 ἐπεὶ
891 1018 995 1075 οὖν
1044 1021 1284 1074 εὐθειῶν
1330 1029 1442 1073 τῶν
1481 1024 1611 1089 ΕΖ,
1647 1023 1766 1074 ΟΝ
1807 1015 1904 1075 ἐπ’“

197 1112 436 1166 εὐθειῶν
490 1117 804 1165 σταθεισῶν
858 1113 1152 1179 γεγόνασιν
1210 1110 1272 1163 αἱ
1321 1107 1430 1163 ὑπὸ
1478 1112 1677 1178 ΗΖΕ,
1720 1111 1904 1162 ΛΝΟε

198 1207 329 1271 ἴσαι,
368 1199 460 1254 καὶ
501 1202 562 1255 αι
599 1199 785 1254 λοιπαὶ
825 1201 887 1253 αἱ
920 1200 1029 1254 ὑπὸ
1063 1204 1115 1253 Ε
1127 1203 1249 1269 ΖΘ
1285 1203 1403 1253 ΟΝ
1407 1203 1480 1252 Μ
1511 1204 1626 1252 ἴσαι
1662 1149 1904 1266 ἔσονταιέ

198 1289 289 1344 καὶ
329 1289 445 1344 ἐπεὶ
484 1289 517 1359 ἡ
556 1294 680 1359 ΕΖ,
715 1293 821 1343 ΖΘ
860 1295 950 1359 ἴση
992 1287 1106 1343 ε’στὶ
1146 1297 1211 1360 τῇ
1247 1292 1377 1357 ΟΝ,
1408 1291 1559 1349 NM,
1598 1285 1689 1341 καὶ
1721 1286 1904 1371 γωνίας

200 1379 233 1449 ἡ
273 1379 382 1434 ὑπὸ
421 1383 588 1433 ΕΖΘ
635 1384 723 1448 ἴση
772 1388 837 1451 τῇ
883 1379 992 1433 ὑπὸ
1036 1381 1249 1447 ΟΝΜ,
1302 1377 1464 1448 βάσις
1509 1376 1542 1446 ἡ
1582 1380 1694 1430 ΕΘ
1738 1376 1904 1462 βασες

114 1481 167 1523 15
199 1477 264 1539 τῇ
306 1473 437 1523 ΟΜ
475 1474 565 1538 ἴση
612 1466 703 1522 καὶ
743 1469 804 1522 τὸ
844 1470 1119 1539 τρίγωνον
1166 1475 1241 1540 τῷ
1282 1467 1533 1539 τριγώνω
1582 1464 1673 1519 καὶ
1713 1464 1745 1534 ἡ
1787 1464 1899 1541 ὑπᾲ

203 1562 368 1612 ΖΕΘ
415 1563 504 1627 ἴση
544 1566 610 1629 τῇ
649 1557 758 1612 ὑπὸ
798 1561 1002 1611 ΝΟΜ
1082 1557 1181 1625 όλη
1223 1558 1330 1627 ἄρα
1369 1556 1402 1626 ἡ
1440 1555 1550 1609 ὑπὸ
1590 1558 1767 1608 ΗΕΘ
1806 1559 1904 1631 ἴση

201 1656 266 1718 τῇ
304 1647 413 1701 ὑπὸ
454 1650 653 1701 ΛΟΜ

315 1752 400 1805 67.
452 1750 598 1805 Ἐπεὶ
637 1747 742 1806 οὖν
779 1753 977 1821 μείζων
1016 1748 1167 1803 ε’στὶν
1206 1748 1239 1818 ἡ
1279 1751 1418 1820 πρός
1456 1747 1762 1819 p.74,15]
1804 1745 1899 1802 διὰ

202 1841 264 1894 τὸ
318 1838 410 1909 κβ’
455 1848 556 1894 τοῦ
608 1839 662 1909 γ’
710 1849 822 1894 τῶν
869 1843 1190 1909 Στοιχει’ω.ν
1280 1837 1369 1892 ἐπὶ
1423 1846 1519 1908 τῆς
1573 1838 1743 1907 αὐτῆς
1789 1837 1896 1912 γὰρ

115 1943 172 1983 20
203 1929 426 1992 εὐθείας
466 1929 621 1982 δύο
603 1929 764 1999 όμοια
795 1930 1045 1999 τμήματα
1075 1929 1297 1982 κύκλων
1329 1927 1395 1982 οὐ
1428 1928 1897 1999 συσταθήσονται,

204 2019 365 2088 ὅμοια
413 2014 474 2071 δὲ
520 2019 771 2087 τμήματα
816 2018 1036 2071 κύκλων
1081 2018 1219 2070 κατὰ
1265 2017 1364 2070 τὸν
1403 2015 1537 2087 ὅρον
1583 2022 1683 2069 τοῦ
1723 2014 1897 2069 αὐτοῦ

201 2109 424 2177 βιβλίου
463 2107 530 2160 τὰ
562 2107 828 2177 δεχόμενα
860 2109 1065 2175 γωνίας
1098 2111 1234 2169 ἴσας.
1298 2106 1381 2159 ὅτι
1414 2102 1474 2158 δὲ
1506 2103 1539 2173 ἡ
1571 2105 1710 2176 πρὸς
1740 2111 1816 2177 τῷ
1850 2101 1904 2167 ,Ξ

203 2199 401 2267 μείζων
438 2204 535 2266 τῆς
564 2196 704 2267 πρὸς
734 2203 810 2268 τῷ
847 2200 894 2249 Ο
931 2194 1024 2249 καὶ
1054 2195 1224 2249 πάλιν
1255 2195 1393 2264 αὕτη
1426 2203 1522 2264 τῆς
1551 2195 1689 2265 πρὸς
1720 2201 1795 2266 τῷ
1824 2191 1904 2264 II,

204 2287 555 2356 δειχθήσεται
594 2285 687 2338 διὰ
725 2292 821 2354 τῆς
856 2283 1075 2349 δείξεως
1104 2292 1204 2338 τοῦ
1235 2282 1325 2354 κβ’
1358 2291 1458 2337 τοῦ
1497 2282 1552 2351 γ’
1585 2292 1698 2336 τῶν
1730 2286 1896 2336 Στοι·

117 2390 173 2430 25
208 2378 387 2445 χείων.

319 2479 405 2533 68.
460 2481 712 2548 Μεγίστη
761 2475 822 2532 δε
868 2477 901 2547 ἡ
943 2478 993 2539 Ξ
1035 2498 1083 2548 p.
1129 2478 1214 2546 76,
1254 2477 1311 2547 6]
1360 2478 1453 2530 διὰ
1499 2476 1560 2530 τὸ
1610 2479 1792 2544 λῆμμα
1836 2423 1904 2533 τὸιἶ

327 2661 395 2701 66.
428 2656 504 2701 V2.
628 2659 697 2701 67.
731 2655 808 2699 V2.
933 2659 1002 2699 68.
1035 2651 1116 2699 Vb.

328 2841 366 2880 3.
401 2833 502 2894 διά]
533 2834 621 2879 bis,
750 2833 801 2892 ἡ]
835 2847 923 2877 om.
1061 2838 1101 2877 4.
1140 2832 1299 2890 ΓΕΔ]
1335 2833 1484 2874 ΓΖΔ.
1630 2832 1668 2871 7.
1703 2825 1877 2884 ἡ(3.11;.)

209 2909 296 2939 om.
422 2898 488 2939 13.
528 2894 633 2952 ΖΘ]
672 2897 769 2938 ΖΔ.
892 2893 967 2951 τῇ]
1000 2905 1024 2936 e
1058 2905 1170 2936 corr.
1296 2894 1364 2934 16.
1399 2888 1473 2947 ἴση
1499 2888 1621 2947 (pr.)]
1653 2886 1740 2931 bis.
