<?xml version="1.0" encoding="UTF-8"?>
<!DOCTYPE html PUBLIC "-//W3C//DTD XHTML 1.0 Transitional//EN"
    "http://www.w3.org/TR/xhtml1/DTD/xhtml1-transitional.dtd">
<html xmlns="http://www.w3.org/1999/xhtml" xml:lang="en" lang="en">
 <head>
  <title>
</title>
<meta http-equiv="Content-Type" content="text/html;charset=utf-8" />
  <meta name='ocr-system' content='tesseract 3.04.00' />
  <meta name='ocr-capabilities' content='ocr_page ocr_carea ocr_par ocr_line ocrx_word'/>
</head>
<body>
  <div class='ocr_page' id='page_1' title='image "./euclidisoperaomn07eucluoft_0352.png"; bbox 0 0 1904 3184; ppageno 0'>
   <div class='ocr_carea' id='block_1_1' title="bbox 114 1069 169 1109">
    <p class='ocr_par' dir='ltr' id='par_1_1' title="bbox 114 1069 169 1109">
     <span class='ocr_line' id='line_1_1' title="bbox 114 1069 169 1109; baseline 0 0"><span class='ocrx_word' id='word_1_1' title='bbox 114 1069 169 1109; x_wconf 92' lang='lat'><em>10</em></span> 
     </span>
    </p>
   </div>
   <div class='ocr_carea' id='block_1_2' title="bbox 115 1613 169 1652">
    <p class='ocr_par' dir='ltr' id='par_1_2' title="bbox 115 1613 169 1652">
     <span class='ocr_line' id='line_1_2' title="bbox 115 1613 169 1652; baseline 0 0"><span class='ocrx_word' id='word_1_2' title='bbox 115 1613 169 1652; x_wconf 84' lang='lat'><em>15</em></span> 
     </span>
    </p>
   </div>
   <div class='ocr_carea' id='block_1_3' title="bbox 115 2071 172 2110">
    <p class='ocr_par' dir='ltr' id='par_1_3' title="bbox 115 2071 172 2110">
     <span class='ocr_line' id='line_1_3' title="bbox 115 2071 172 2110; baseline 0 0"><span class='ocrx_word' id='word_1_3' title='bbox 115 2071 172 2110; x_wconf 88' lang='grc'><em>20</em></span> 
     </span>
    </p>
   </div>
   <div class='ocr_carea' id='block_1_4' title="bbox 200 119 1239 171">
    <p class='ocr_par' dir='ltr' id='par_1_4' title="bbox 200 119 1239 171">
     <span class='ocr_line' id='line_1_4' title="bbox 200 119 1239 171; baseline -0.006 0"><span class='ocrx_word' id='word_1_4' title='bbox 200 119 309 171; x_wconf 84' lang='grc'><em>290</em></span> <span class='ocrx_word' id='word_1_5' title='bbox 851 121 1239 165; x_wconf 82' lang='lat' dir='ltr'><strong>CATOPTRICA.</strong></span> 
     </span>
    </p>
   </div>
   <div class='ocr_carea' id='block_1_5' title="bbox 199 342 1904 1396">
    <p class='ocr_par' dir='ltr' id='par_1_5' title="bbox 199 342 1885 502">
     <span class='ocr_line' id='line_1_5' title="bbox 311 342 1885 415; baseline 0.002 -20"><span class='ocrx_word' id='word_1_6' title='bbox 311 344 468 414; x_wconf 86' lang='grc' dir='ltr'><em>Πρὸς</em></span> <span class='ocrx_word' id='word_1_7' title='bbox 505 343 699 396; x_wconf 83' lang='grc' dir='ltr'><em>ὁποῖον</em></span> <span class='ocrx_word' id='word_1_8' title='bbox 732 342 804 396; x_wconf 74' lang='grc' dir='ltr'><em>ἂν</em></span> <span class='ocrx_word' id='word_1_9' title='bbox 833 352 946 397; x_wconf 82' lang='grc' dir='ltr'><em>τῶν</em></span> <span class='ocrx_word' id='word_1_10' title='bbox 977 343 1259 414; x_wconf 81' lang='grc' dir='ltr'><strong><em>ἐνόπτρων</em></strong></span> <span class='ocrx_word' id='word_1_11' title='bbox 1288 343 1570 415; x_wconf 80' lang='grc' dir='ltr'><strong><em>προσπέσῃ</em></strong></span> <span class='ocrx_word' id='word_1_12' title='bbox 1603 346 1730 409; x_wconf 78' lang='grc' dir='ltr'><em>ὄψις</em></span> <span class='ocrx_word' id='word_1_13' title='bbox 1762 349 1885 408; x_wconf 80' lang='grc' dir='ltr'><em>ἴσας</em></span> 
     </span>
     <span class='ocr_line' id='line_1_6' title="bbox 199 431 1756 502; baseline 0 -16"><span class='ocrx_word' id='word_1_14' title='bbox 199 439 438 486; x_wconf 87' lang='grc' dir='ltr'><em>ποιοῦσα</em></span> <span class='ocrx_word' id='word_1_15' title='bbox 475 435 697 502; x_wconf 86' lang='grc' dir='ltr'><em>γωνίας,</em></span> <span class='ocrx_word' id='word_1_16' title='bbox 736 432 874 501; x_wconf 83' lang='grc' dir='ltr'><em>αὐτὴ</em></span> <span class='ocrx_word' id='word_1_17' title='bbox 915 431 992 485; x_wconf 82' lang='grc' dir='ltr'><em>δι’</em></span> <span class='ocrx_word' id='word_1_18' title='bbox 1029 431 1223 502; x_wconf 81' lang='grc' dir='ltr'><em>ἑαυτῆς</em></span> <span class='ocrx_word' id='word_1_19' title='bbox 1262 432 1756 502; x_wconf 82' lang='grc' dir='ltr'><em>ἀνακλασθήσεται.</em></span> 
     </span>
    </p>

    <p class='ocr_par' dir='ltr' id='par_1_6' title="bbox 201 519 1904 1396">
     <span class='ocr_line' id='line_1_7' title="bbox 312 519 1883 591; baseline 0.001 -17"><span class='ocrx_word' id='word_1_20' title='bbox 312 523 448 574; x_wconf 83' lang='grc' dir='ltr'><em>ἔστω</em></span> <span class='ocrx_word' id='word_1_21' title='bbox 497 523 767 591; x_wconf 84' lang='grc' dir='ltr'><em>ἔνοπτρον</em></span> <span class='ocrx_word' id='word_1_22' title='bbox 814 521 1072 574; x_wconf 83' lang='grc' dir='ltr'><em>ἐπίπεδον</em></span> <span class='ocrx_word' id='word_1_23' title='bbox 1118 523 1180 575; x_wconf 91' lang='grc' dir='ltr'><em>τὸ</em></span> <span class='ocrx_word' id='word_1_24' title='bbox 1223 527 1277 575; x_wconf 93' lang='lat' dir='ltr'><em>A</em></span> <span class='ocrx_word' id='word_1_25' title='bbox 1288 524 1356 590; x_wconf 92' lang='grc' dir='ltr'><em>Γ,</em></span> <span class='ocrx_word' id='word_1_26' title='bbox 1411 524 1555 591; x_wconf 83' lang='grc' dir='ltr'>ὄμμα</span> <span class='ocrx_word' id='word_1_27' title='bbox 1603 519 1664 575; x_wconf 71' lang='grc' dir='ltr'><em>δὲ</em></span> <span class='ocrx_word' id='word_1_28' title='bbox 1709 523 1770 576; x_wconf 88' lang='grc' dir='ltr'><em>τὸ</em></span> <span class='ocrx_word' id='word_1_29' title='bbox 1818 526 1883 590; x_wconf 94' lang='grc' dir='ltr'><em>Β,</em></span> 
     </span>
     <span class='ocr_line' id='line_1_8' title="bbox 201 607 1885 681; baseline 0.001 -17"><span class='ocrx_word' id='word_1_30' title='bbox 201 611 328 675; x_wconf 81' lang='grc' dir='ltr'><em>ὄψις</em></span> <span class='ocrx_word' id='word_1_31' title='bbox 374 607 434 663; x_wconf 75' lang='grc' dir='ltr'><em>δὲ</em></span> <span class='ocrx_word' id='word_1_32' title='bbox 480 610 514 680; x_wconf 79' lang='grc' dir='ltr'><strong><em>ἡ</em></strong></span> <span class='ocrx_word' id='word_1_33' title='bbox 559 613 675 663; x_wconf 98' lang='grc' dir='ltr'><em>ΒΚ</em></span> <span class='ocrx_word' id='word_1_34' title='bbox 718 609 1184 681; x_wconf 85' lang='grc' dir='ltr'><em>προσπεπτωκέτω</em></span> <span class='ocrx_word' id='word_1_35' title='bbox 1233 616 1354 674; x_wconf 78' lang='grc' dir='ltr'><em>ἴσας</em></span> <span class='ocrx_word' id='word_1_36' title='bbox 1398 618 1634 664; x_wconf 90' lang='grc' dir='ltr'><em>ποιοῦσα</em></span> <span class='ocrx_word' id='word_1_37' title='bbox 1680 614 1885 679; x_wconf 80' lang='grc' dir='ltr'><em>γωνίας</em></span> 
     </span>
     <span class='ocr_line' id='line_1_9' title="bbox 201 698 1880 770; baseline 0 -18"><span class='ocrx_word' id='word_1_38' title='bbox 201 701 303 769; x_wconf 88' lang='grc' dir='ltr'><em>τὴν</em></span> <span class='ocrx_word' id='word_1_39' title='bbox 341 703 413 768; x_wconf 91' lang='grc' dir='ltr'><em>Ε,</em></span> <span class='ocrx_word' id='word_1_40' title='bbox 448 703 493 752; x_wconf 92' lang='grc' dir='ltr'>Ζ</span> <span class='ocrx_word' id='word_1_41' title='bbox 540 708 604 770; x_wconf 80' lang='grc' dir='ltr'><em>τῇ</em></span> <span class='ocrx_word' id='word_1_42' title='bbox 648 703 709 752; x_wconf 92' lang='grc' dir='ltr'><em>Θ.</em></span> <span class='ocrx_word' id='word_1_43' title='bbox 801 699 966 768; x_wconf 86' lang='grc' dir='ltr'><em>λέγω,</em></span> <span class='ocrx_word' id='word_1_44' title='bbox 1022 700 1105 753; x_wconf 83' lang='grc' dir='ltr'><em>ὅτι</em></span> <span class='ocrx_word' id='word_1_45' title='bbox 1153 698 1510 769; x_wconf 80' lang='grc' dir='ltr'><em>ἀνακλωμένη</em></span> <span class='ocrx_word' id='word_1_46' title='bbox 1557 699 1590 768; x_wconf 82' lang='grc' dir='ltr'>ἡ</span> <span class='ocrx_word' id='word_1_47' title='bbox 1630 703 1744 752; x_wconf 90' lang='grc' dir='ltr'><em>ΒΚ</em></span> <span class='ocrx_word' id='word_1_48' title='bbox 1791 700 1880 770; x_wconf 79' lang='grc' dir='ltr'><em>ἐφ’</em></span> 
     </span>
     <span class='ocr_line' id='line_1_10' title="bbox 202 786 1887 859; baseline 0 -17"><span class='ocrx_word' id='word_1_49' title='bbox 202 787 398 858; x_wconf 79' lang='grc' dir='ltr'><em>ἑαυτῆς</em></span> <span class='ocrx_word' id='word_1_50' title='bbox 440 786 580 856; x_wconf 76' lang='grc' dir='ltr'><em>ἥξει,</em></span> <span class='ocrx_word' id='word_1_51' title='bbox 634 787 917 842; x_wconf 81' lang='grc' dir='ltr'><em>τουτέστιν</em></span> <span class='ocrx_word' id='word_1_52' title='bbox 968 787 1056 841; x_wconf 81' lang='grc' dir='ltr'><em>ἐπὶ</em></span> <span class='ocrx_word' id='word_1_53' title='bbox 1101 789 1163 842; x_wconf 87' lang='grc' dir='ltr'><em>τὸ</em></span> <span class='ocrx_word' id='word_1_54' title='bbox 1209 792 1271 841; x_wconf 90' lang='grc' dir='ltr'><em>Β.</em></span> <span class='ocrx_word' id='word_1_55' title='bbox 1363 790 1436 858; x_wconf 83' lang='grc' dir='ltr'><em>μὴ</em></span> <span class='ocrx_word' id='word_1_56' title='bbox 1484 788 1615 859; x_wconf 78' lang='grc' dir='ltr'><em>γάρ,</em></span> <span class='ocrx_word' id='word_1_57' title='bbox 1671 787 1793 842; x_wconf 87' lang='grc' dir='ltr'><em>ἀλλ’</em></span> <span class='ocrx_word' id='word_1_58' title='bbox 1836 790 1887 842; x_wconf 81' lang='grc' dir='ltr'><em>εἰ</em></span> 
     </span>
     <span class='ocr_line' id='line_1_11' title="bbox 202 875 1885 947; baseline 0 -16"><span class='ocrx_word' id='word_1_59' title='bbox 202 879 462 946; x_wconf 78' lang='grc' dir='ltr'><em>δυνατόν,</em></span> <span class='ocrx_word' id='word_1_60' title='bbox 501 876 672 947; x_wconf 82' lang='grc' dir='ltr'><em>ἡκέτω</em></span> <span class='ocrx_word' id='word_1_61' title='bbox 706 875 794 931; x_wconf 81' lang='grc' dir='ltr'><em>ἐπὶ</em></span> <span class='ocrx_word' id='word_1_62' title='bbox 824 879 886 931; x_wconf 90' lang='grc' dir='ltr'><em>τὸ</em></span> <span class='ocrx_word' id='word_1_63' title='bbox 909 882 978 930; x_wconf 90' lang='grc' dir='ltr'><em>Δ.</em></span> <span class='ocrx_word' id='word_1_64' title='bbox 1039 875 1131 930; x_wconf 88' lang='grc' dir='ltr'><em>καὶ</em></span> <span class='ocrx_word' id='word_1_65' title='bbox 1164 876 1349 946; x_wconf 80' lang='grc' dir='ltr'><em>ἐπειδὴ</em></span> <span class='ocrx_word' id='word_1_66' title='bbox 1382 878 1444 930; x_wconf 77' lang='grc' dir='ltr'><em>αἱ</em></span> <span class='ocrx_word' id='word_1_67' title='bbox 1471 878 1624 941; x_wconf 83' lang='grc' dir='ltr'><em>ὄψεις</em></span> <span class='ocrx_word' id='word_1_68' title='bbox 1657 877 1716 931; x_wconf 83' lang='grc' dir='ltr'><em>ἐν</em></span> <span class='ocrx_word' id='word_1_69' title='bbox 1741 883 1885 941; x_wconf 74' lang='grc' dir='ltr'><em>ἴσαις</em></span> 
     </span>
     <span class='ocr_line' id='line_1_12' title="bbox 201 964 1884 1037; baseline 0 -17"><span class='ocrx_word' id='word_1_70' title='bbox 201 965 547 1020; x_wconf 83' lang='grc' dir='ltr'><em>ἀνακλῶνται</em></span> <span class='ocrx_word' id='word_1_71' title='bbox 600 969 851 1035; x_wconf 75' lang='grc' dir='ltr'><em>γωνίαις,</em></span> <span class='ocrx_word' id='word_1_72' title='bbox 913 971 1002 1034; x_wconf 76' lang='grc' dir='ltr'><em>ἴση</em></span> <span class='ocrx_word' id='word_1_73' title='bbox 1067 964 1215 1019; x_wconf 80' lang='grc' dir='ltr'><em>ἐστὶν</em></span> <span class='ocrx_word' id='word_1_74' title='bbox 1275 965 1308 1034; x_wconf 83' lang='grc' dir='ltr'>ἡ</span> <span class='ocrx_word' id='word_1_75' title='bbox 1363 970 1416 1019; x_wconf 88' lang='grc' dir='ltr'><em>Ε</em></span> <span class='ocrx_word' id='word_1_76' title='bbox 1472 969 1646 1034; x_wconf 90' lang='grc' dir='ltr'><em>γωνία</em></span> <span class='ocrx_word' id='word_1_77' title='bbox 1699 974 1764 1037; x_wconf 82' lang='grc' dir='ltr'><em>τῇ</em></span> <span class='ocrx_word' id='word_1_78' title='bbox 1823 970 1884 1020; x_wconf 89' lang='grc' dir='ltr'><em>Θ.</em></span> 
     </span>
     <span class='ocr_line' id='line_1_13' title="bbox 201 1053 1904 1126; baseline -0.001 -17"><span class='ocrx_word' id='word_1_79' title='bbox 201 1055 425 1125; x_wconf 82' lang='grc' dir='ltr'><em>ἐδείχθη</em></span> <span class='ocrx_word' id='word_1_80' title='bbox 465 1053 525 1109; x_wconf 76' lang='grc' dir='ltr'><em>δὲ</em></span> <span class='ocrx_word' id='word_1_81' title='bbox 563 1055 655 1109; x_wconf 88' lang='grc' dir='ltr'><em>καὶ</em></span> <span class='ocrx_word' id='word_1_82' title='bbox 693 1056 727 1125; x_wconf 78' lang='grc' dir='ltr'><em>ἡ</em></span> <span class='ocrx_word' id='word_1_83' title='bbox 766 1060 831 1123; x_wconf 92' lang='grc' dir='ltr'><em>Ε,</em></span> <span class='ocrx_word' id='word_1_84' title='bbox 866 1059 911 1108; x_wconf 95' lang='grc' dir='ltr'>Ζ</span> <span class='ocrx_word' id='word_1_85' title='bbox 950 1058 1127 1123; x_wconf 90' lang='grc' dir='ltr'><em>γωνία</em></span> <span class='ocrx_word' id='word_1_86' title='bbox 1166 1064 1231 1126; x_wconf 77' lang='grc' dir='ltr'><em>τῇ</em></span> <span class='ocrx_word' id='word_1_87' title='bbox 1275 1058 1323 1108; x_wconf 88' lang='grc' dir='ltr'>Θ</span> <span class='ocrx_word' id='word_1_88' title='bbox 1362 1059 1467 1123; x_wconf 76' lang='grc' dir='ltr'><em>ἴση.</em></span> <span class='ocrx_word' id='word_1_89' title='bbox 1536 1053 1628 1107; x_wconf 84' lang='grc' dir='ltr'><em>καὶ</em></span> <span class='ocrx_word' id='word_1_90' title='bbox 1666 1054 1698 1124; x_wconf 80' lang='grc' dir='ltr'><strong><em>ἡ</em></strong></span> <span class='ocrx_word' id='word_1_91' title='bbox 1739 1059 1804 1123; x_wconf 89' lang='grc' dir='ltr'><em>Ε,</em></span> <span class='ocrx_word' id='word_1_92' title='bbox 1840 1059 1904 1108; x_wconf 68' lang='lat' dir='ltr'><em>Z}</em></span> 
     </span>
     <span class='ocr_line' id='line_1_14' title="bbox 202 1143 1904 1216; baseline 0.001 -18"><span class='ocrx_word' id='word_1_93' title='bbox 202 1146 308 1216; x_wconf 76' lang='grc' dir='ltr'><em>ἄρα</em></span> <span class='ocrx_word' id='word_1_94' title='bbox 346 1148 521 1214; x_wconf 90' lang='grc' dir='ltr'><em>γωνία</em></span> <span class='ocrx_word' id='word_1_95' title='bbox 559 1153 623 1215; x_wconf 77' lang='grc' dir='ltr'><em>τῇ</em></span> <span class='ocrx_word' id='word_1_96' title='bbox 663 1149 715 1198; x_wconf 89' lang='grc' dir='ltr'><em>Ε</em></span> <span class='ocrx_word' id='word_1_97' title='bbox 750 1148 926 1216; x_wconf 81' lang='grc' dir='ltr'><em>γωνίᾳ</em></span> <span class='ocrx_word' id='word_1_98' title='bbox 964 1147 1113 1198; x_wconf 82' lang='grc' dir='ltr'><em>ἔσται</em></span> <span class='ocrx_word' id='word_1_99' title='bbox 1154 1149 1269 1213; x_wconf 79' lang='grc' dir='ltr'><em>ἴση,</em></span> <span class='ocrx_word' id='word_1_100' title='bbox 1315 1143 1349 1213; x_wconf 82' lang='grc' dir='ltr'><em>ἡ</em></span> <span class='ocrx_word' id='word_1_101' title='bbox 1387 1146 1584 1214; x_wconf 85' lang='grc' dir='ltr'><em>μείζων</em></span> <span class='ocrx_word' id='word_1_102' title='bbox 1622 1152 1687 1214; x_wconf 82' lang='grc' dir='ltr'><em>τῇ</em></span> <span class='ocrx_word' id='word_1_103' title='bbox 1729 1143 1904 1199; x_wconf 59' lang='lat' dir='ltr'><em>§zoin-1.</em></span> 
     </span>
     <span class='ocr_line' id='line_1_15' title="bbox 202 1231 1904 1305; baseline -0.002 -17"><span class='ocrx_word' id='word_1_104' title='bbox 202 1247 348 1288; x_wconf 87' lang='grc' dir='ltr'><em>σονι·</em></span> <span class='ocrx_word' id='word_1_105' title='bbox 389 1235 520 1304; x_wconf 82' lang='grc' dir='ltr'><em>ὅπερ</em></span> <span class='ocrx_word' id='word_1_106' title='bbox 555 1232 705 1288; x_wconf 84' lang='grc' dir='ltr'><em>ἐστὶν</em></span> <span class='ocrx_word' id='word_1_107' title='bbox 736 1233 1030 1287; x_wconf 83' lang='grc' dir='ltr'><em>ἀδύνατον.</em></span> <span class='ocrx_word' id='word_1_108' title='bbox 1091 1233 1125 1302; x_wconf 85' lang='grc' dir='ltr'><em>ἡ</em></span> <span class='ocrx_word' id='word_1_109' title='bbox 1157 1234 1263 1303; x_wconf 81' lang='grc' dir='ltr'><em>ἄρα</em></span> <span class='ocrx_word' id='word_1_110' title='bbox 1295 1235 1411 1286; x_wconf 88' lang='grc' dir='ltr'><em>ΒΚ</em></span> <span class='ocrx_word' id='word_1_111' title='bbox 1445 1231 1520 1286; x_wconf 82' lang='grc' dir='ltr'><em>δι’</em></span> <span class='ocrx_word' id='word_1_112' title='bbox 1552 1232 1721 1302; x_wconf 84' lang='grc' dir='ltr'><em>αὑτῆς</em></span> <span class='ocrx_word' id='word_1_113' title='bbox 1751 1232 1883 1286; x_wconf 85' lang='grc' dir='ltr'><em>ἀνα-</em></span> <span class='ocrx_word' id='word_1_114' title='bbox 1887 1251 1904 1305; x_wconf 52' lang='lat'><em>4}</em></span> 
     </span>
     <span class='ocr_line' id='line_1_16' title="bbox 201 1309 1904 1396; baseline -0.001 -19"><span class='ocrx_word' id='word_1_115' title='bbox 201 1325 585 1392; x_wconf 85' lang='grc' dir='ltr'><em>κλασθήσεται.</em></span> <span class='ocrx_word' id='word_1_116' title='bbox 670 1324 703 1393; x_wconf 84' lang='grc' dir='ltr'>ἡ</span> <span class='ocrx_word' id='word_1_117' title='bbox 750 1321 802 1376; x_wconf 80' lang='grc' dir='ltr'><em>δ’</em></span> <span class='ocrx_word' id='word_1_118' title='bbox 846 1323 983 1392; x_wconf 88' lang='grc' dir='ltr'><em>αὐτὴ</em></span> <span class='ocrx_word' id='word_1_119' title='bbox 1029 1321 1306 1387; x_wconf 82' lang='grc' dir='ltr'><em>ἀπόδειξις</em></span> <span class='ocrx_word' id='word_1_120' title='bbox 1351 1321 1642 1393; x_wconf 82' lang='grc' dir='ltr'><em>ἆρμόσειεν</em></span> <span class='ocrx_word' id='word_1_121' title='bbox 1687 1321 1757 1375; x_wconf 76' lang='grc' dir='ltr'><em>ἂν</em></span> <span class='ocrx_word' id='word_1_122' title='bbox 1796 1309 1904 1396; x_wconf 52' lang='grc' dir='ltr'><em>ἐπὶ]</em></span> 
     </span>
    </p>
   </div>
   <div class='ocr_carea' id='block_1_6' title="bbox 203 1410 1904 1566">
    <p class='ocr_par' dir='ltr' id='par_1_7' title="bbox 203 1410 1904 1566">
     <span class='ocr_line' id='line_1_17' title="bbox 203 1410 1904 1504; baseline -0.001 -38"><span class='ocrx_word' id='word_1_123' title='bbox 203 1421 315 1466; x_wconf 81' lang='grc' dir='ltr'><em>τῶν</em></span> <span class='ocrx_word' id='word_1_124' title='bbox 351 1422 572 1484; x_wconf 82' lang='grc' dir='ltr'><em>κυρτῶν</em></span> <span class='ocrx_word' id='word_1_125' title='bbox 608 1411 701 1465; x_wconf 89' lang='grc' dir='ltr'><em>καὶ</em></span> <span class='ocrx_word' id='word_1_126' title='bbox 739 1422 851 1466; x_wconf 85' lang='grc' dir='ltr'><em>τῶν</em></span> <span class='ocrx_word' id='word_1_127' title='bbox 889 1415 1094 1466; x_wconf 84' lang='grc' dir='ltr'><em>κοίλων</em></span> <span class='ocrx_word' id='word_1_128' title='bbox 1134 1410 1429 1482; x_wconf 77' lang='grc' dir='ltr'><em>ἐνόπτρων.</em></span> <span class='ocrx_word' id='word_1_129' title='bbox 1888 1422 1904 1504; x_wconf 64' lang='grc'>1</span> 
     </span>
     <span class='ocr_line' id='line_1_18' title="bbox 1886 1505 1904 1566; baseline 0 0"><span class='ocrx_word' id='word_1_130' title='bbox 1886 1505 1904 1566; x_wconf 63' lang='grc' dir='ltr'>Ι</span> 
     </span>
    </p>
   </div>
   <div class='ocr_carea' id='block_1_7' title="bbox 202 1691 1904 2297">
    <p class='ocr_par' dir='ltr' id='par_1_8' title="bbox 203 1691 1904 1941">
     <span class='ocr_line' id='line_1_19' title="bbox 313 1691 1904 1765; baseline -0.001 -16"><span class='ocrx_word' id='word_1_131' title='bbox 313 1696 468 1765; x_wconf 85' lang='grc' dir='ltr'><em>Πρὸς</em></span> <span class='ocrx_word' id='word_1_132' title='bbox 507 1695 700 1749; x_wconf 85' lang='grc' dir='ltr'><em>ὁποῖον</em></span> <span class='ocrx_word' id='word_1_133' title='bbox 738 1694 808 1748; x_wconf 76' lang='grc' dir='ltr'><em>ἂν</em></span> <span class='ocrx_word' id='word_1_134' title='bbox 846 1703 957 1747; x_wconf 84' lang='grc' dir='ltr'><em>τῶν</em></span> <span class='ocrx_word' id='word_1_135' title='bbox 997 1693 1278 1765; x_wconf 79' lang='grc' dir='ltr'><em>ἐνόπτρων</em></span> <span class='ocrx_word' id='word_1_136' title='bbox 1308 1697 1728 1764; x_wconf 81' lang='grc' dir='ltr'><em>προσπίπτουσα</em></span> <span class='ocrx_word' id='word_1_137' title='bbox 1759 1691 1904 1758; x_wconf 70' lang='grc' dir='ltr'><em>ὄψιςὲ</em></span> 
     </span>
     <span class='ocr_line' id='line_1_20' title="bbox 203 1767 1904 1859; baseline -0.002 -21"><span class='ocrx_word' id='word_1_138' title='bbox 203 1784 430 1847; x_wconf 79' lang='grc' dir='ltr'><em>ἀνίσους</em></span> <span class='ocrx_word' id='word_1_139' title='bbox 466 1793 596 1855; x_wconf 79' lang='grc' dir='ltr'><em>ποιῇ</em></span> <span class='ocrx_word' id='word_1_140' title='bbox 635 1787 856 1851; x_wconf 85' lang='grc' dir='ltr'><em>γωνίας,</em></span> <span class='ocrx_word' id='word_1_141' title='bbox 895 1783 1022 1836; x_wconf 78' lang='grc' dir='ltr'><em>οὔτε</em></span> <span class='ocrx_word' id='word_1_142' title='bbox 1062 1781 1136 1835; x_wconf 78' lang='grc' dir='ltr'><em>δι’</em></span> <span class='ocrx_word' id='word_1_143' title='bbox 1174 1780 1370 1852; x_wconf 80' lang='grc' dir='ltr'><em>ἑαυτῆς</em></span> <span class='ocrx_word' id='word_1_144' title='bbox 1407 1767 1904 1859; x_wconf 58' lang='grc' dir='ltr'><em>ἀνακλασθήσεταιξ</em></span> 
     </span>
     <span class='ocr_line' id='line_1_21' title="bbox 203 1862 1904 1941; baseline -0.003 -14"><span class='ocrx_word' id='word_1_145' title='bbox 203 1874 329 1927; x_wconf 80' lang='grc' dir='ltr'><em>οὔτε</em></span> <span class='ocrx_word' id='word_1_146' title='bbox 369 1872 458 1927; x_wconf 80' lang='grc' dir='ltr'><em>ἐπὶ</em></span> <span class='ocrx_word' id='word_1_147' title='bbox 495 1893 591 1941; x_wconf 88' lang='grc' dir='ltr'><em>της</em></span> <span class='ocrx_word' id='word_1_148' title='bbox 630 1872 927 1934; x_wconf 77' lang='grc' dir='ltr'><em>ἐλάσσονος</em></span> <span class='ocrx_word' id='word_1_149' title='bbox 964 1874 1182 1939; x_wconf 83' lang='grc' dir='ltr'><em>γωνίας.</em></span> <span class='ocrx_word' id='word_1_150' title='bbox 1879 1862 1904 1940; x_wconf 60' lang='grc' dir='ltr'><em>Ξ</em></span> 
     </span>
    </p>

    <p class='ocr_par' dir='ltr' id='par_1_9' title="bbox 202 1946 1904 2297">
     <span class='ocr_line' id='line_1_22' title="bbox 314 1946 1899 2039; baseline -0.002 -24"><span class='ocrx_word' id='word_1_151' title='bbox 314 1965 450 2016; x_wconf 80' lang='grc' dir='ltr'><em>ἔστω</em></span> <span class='ocrx_word' id='word_1_152' title='bbox 490 1961 750 2015; x_wconf 80' lang='grc' dir='ltr'><em>ἐπίπεδον</em></span> <span class='ocrx_word' id='word_1_153' title='bbox 787 1963 1056 2032; x_wconf 82' lang='grc' dir='ltr'><em>ἔνοπτρον</em></span> <span class='ocrx_word' id='word_1_154' title='bbox 1094 1961 1155 2014; x_wconf 90' lang='grc' dir='ltr'><em>τὸ</em></span> <span class='ocrx_word' id='word_1_155' title='bbox 1196 1965 1249 2014; x_wconf 88' lang='grc' dir='ltr'><em>Α</em></span> <span class='ocrx_word' id='word_1_156' title='bbox 1258 1963 1315 2013; x_wconf 90' lang='grc' dir='ltr'><strong><em>Κ</em></strong></span> <span class='ocrx_word' id='word_1_157' title='bbox 1322 1963 1389 2029; x_wconf 93' lang='grc' dir='ltr'><em>Γ</em></span> <span class='ocrx_word' id='word_1_158' title='bbox 1435 1962 1562 2026; x_wconf 80' lang='grc' dir='ltr'><em>ὄψις</em></span> <span class='ocrx_word' id='word_1_159' title='bbox 1604 1957 1665 2013; x_wconf 74' lang='grc' dir='ltr'><em>δὲ</em></span> <span class='ocrx_word' id='word_1_160' title='bbox 1702 1960 1735 2030; x_wconf 80' lang='grc' dir='ltr'>ἡ</span> <span class='ocrx_word' id='word_1_161' title='bbox 1776 1946 1899 2039; x_wconf 61' lang='lat' dir='ltr'><em>RK}</em></span> 
     </span>
     <span class='ocr_line' id='line_1_23' title="bbox 202 2022 1898 2123; baseline -0.002 -19"><span class='ocrx_word' id='word_1_162' title='bbox 202 2049 584 2122; x_wconf 86' lang='grc' dir='ltr'><em>προσπιπτέτω</em></span> <span class='ocrx_word' id='word_1_163' title='bbox 623 2053 841 2120; x_wconf 82' lang='grc' dir='ltr'><em>μείζονα</em></span> <span class='ocrx_word' id='word_1_164' title='bbox 871 2057 1110 2103; x_wconf 86' lang='grc' dir='ltr'><em>ποιοῦσα</em></span> <span class='ocrx_word' id='word_1_165' title='bbox 1141 2052 1351 2117; x_wconf 89' lang='grc' dir='ltr'><em>γωνίαν</em></span> <span class='ocrx_word' id='word_1_166' title='bbox 1381 2049 1482 2118; x_wconf 86' lang='grc' dir='ltr'><em>τὴν</em></span> <span class='ocrx_word' id='word_1_167' title='bbox 1516 2053 1560 2102; x_wconf 94' lang='grc' dir='ltr'>Ζ</span> <span class='ocrx_word' id='word_1_168' title='bbox 1599 2057 1695 2118; x_wconf 79' lang='grc' dir='ltr'><em>τῆς</em></span> <span class='ocrx_word' id='word_1_169' title='bbox 1729 2053 1792 2117; x_wconf 93' lang='grc' dir='ltr'><em>Θ,</em></span> <span class='ocrx_word' id='word_1_170' title='bbox 1818 2022 1898 2123; x_wconf 47' lang='lat' dir='ltr'><em>A&amp;</em></span> 
     </span>
     <span class='ocr_line' id='line_1_24' title="bbox 204 2136 1855 2208; baseline -0.002 -15"><span class='ocrx_word' id='word_1_171' title='bbox 204 2139 369 2208; x_wconf 88' lang='grc' dir='ltr'><em>λέγω,</em></span> <span class='ocrx_word' id='word_1_172' title='bbox 423 2140 507 2194; x_wconf 83' lang='grc' dir='ltr'><em>ὅτι</em></span> <span class='ocrx_word' id='word_1_173' title='bbox 560 2138 593 2207; x_wconf 81' lang='grc' dir='ltr'><em>ἡ</em></span> <span class='ocrx_word' id='word_1_174' title='bbox 638 2142 754 2192; x_wconf 93' lang='grc' dir='ltr'><em>ΒΚ</em></span> <span class='ocrx_word' id='word_1_175' title='bbox 804 2137 1160 2208; x_wconf 81' lang='grc' dir='ltr'><em>ἀνακλωμένη</em></span> <span class='ocrx_word' id='word_1_176' title='bbox 1215 2139 1341 2191; x_wconf 81' lang='grc' dir='ltr'><em>οὔτε</em></span> <span class='ocrx_word' id='word_1_177' title='bbox 1387 2138 1524 2206; x_wconf 83' lang='grc' dir='ltr'><em>αὐτὴ</em></span> <span class='ocrx_word' id='word_1_178' title='bbox 1572 2136 1647 2190; x_wconf 80' lang='grc' dir='ltr'><em>δι’</em></span> <span class='ocrx_word' id='word_1_179' title='bbox 1690 2136 1855 2207; x_wconf 81' lang='grc' dir='ltr'><em>ἑαυτῆ</em></span> 
     </span>
     <span class='ocr_line' id='line_1_25' title="bbox 205 2223 1904 2297; baseline -0.002 -15"><span class='ocrx_word' id='word_1_180' title='bbox 205 2228 681 2297; x_wconf 84' lang='grc' dir='ltr'><em>ἀνακλασθήσεται</em></span> <span class='ocrx_word' id='word_1_181' title='bbox 727 2229 852 2282; x_wconf 84' lang='grc' dir='ltr'><em>οὔτε</em></span> <span class='ocrx_word' id='word_1_182' title='bbox 899 2227 986 2281; x_wconf 81' lang='grc' dir='ltr'><em>ἐπὶ</em></span> <span class='ocrx_word' id='word_1_183' title='bbox 1033 2229 1135 2296; x_wconf 90' lang='grc' dir='ltr'><em>τὴν</em></span> <span class='ocrx_word' id='word_1_184' title='bbox 1184 2231 1254 2295; x_wconf 94' lang='grc' dir='ltr'><em>Θ,</em></span> <span class='ocrx_word' id='word_1_185' title='bbox 1287 2231 1338 2280; x_wconf 93' lang='grc' dir='ltr'><em>Λ</em></span> <span class='ocrx_word' id='word_1_186' title='bbox 1383 2230 1607 2295; x_wconf 90' lang='grc' dir='ltr'><em>γωνίαν.</em></span> <span class='ocrx_word' id='word_1_187' title='bbox 1692 2229 1743 2280; x_wconf 85' lang='grc' dir='ltr'><em>εἰ</em></span> <span class='ocrx_word' id='word_1_188' title='bbox 1785 2223 1848 2296; x_wconf 77' lang='grc' dir='ltr'><em>μὲ</em></span> <span class='ocrx_word' id='word_1_189' title='bbox 1901 2265 1904 2271; x_wconf 51' lang='lat'><em>2</em></span> 
     </span>
    </p>
   </div>
   <div class='ocr_carea' id='block_1_8' title="bbox 203 2336 558 2340">
    <p class='ocr_par' dir='ltr' id='par_1_10' title="bbox 203 2336 558 2340">
     <span class='ocr_line' id='line_1_26' title="bbox 203 2336 558 2340; baseline 0 0"><span class='ocrx_word' id='word_1_190' title='bbox 203 2336 558 2340; x_wconf 95' lang='lat' dir='ltr'><em> </em></span> 
     </span>
    </p>
   </div>
   <div class='ocr_carea' id='block_1_9' title="bbox 204 2299 1904 2981">
    <p class='ocr_par' dir='ltr' id='par_1_11' title="bbox 204 2299 1904 2567">
     <span class='ocr_line' id='line_1_27' title="bbox 325 2299 1904 2448; baseline -0.003 -15"><span class='ocrx_word' id='word_1_191' title='bbox 325 2394 363 2435; x_wconf 93' lang='lat'><strong>1.</strong></span> <span class='ocrx_word' id='word_1_192' title='bbox 397 2389 466 2448; x_wconf 87' lang='grc' dir='ltr'><em>β’]</em></span> <span class='ocrx_word' id='word_1_193' title='bbox 500 2389 547 2433; x_wconf 79' lang='grc' dir='ltr'><em>δ’</em></span> <span class='ocrx_word' id='word_1_194' title='bbox 573 2389 665 2434; x_wconf 83' lang='lat' dir='ltr'><strong>Vv.</strong></span> <span class='ocrx_word' id='word_1_195' title='bbox 818 2394 857 2434; x_wconf 84' lang='lat'><strong>2.</strong></span> <span class='ocrx_word' id='word_1_196' title='bbox 898 2386 1150 2444; x_wconf 83' lang='grc' dir='ltr'><em>προσπέσοι</em></span> <span class='ocrx_word' id='word_1_197' title='bbox 1180 2388 1241 2432; x_wconf 88' lang='grc' dir='ltr'><em>Μ.</em></span> <span class='ocrx_word' id='word_1_198' title='bbox 1363 2387 1484 2432; x_wconf 87' lang='lat' dir='ltr'>Dein</span> <span class='ocrx_word' id='word_1_199' title='bbox 1514 2387 1621 2431; x_wconf 82' lang='lat' dir='ltr'><strong>add.</strong></span> <span class='ocrx_word' id='word_1_200' title='bbox 1653 2387 1682 2444; x_wconf 84' lang='grc' dir='ltr'>ἡ</span> <span class='ocrx_word' id='word_1_201' title='bbox 1714 2402 1782 2443; x_wconf 87' lang='lat' dir='ltr'><em>m,</em></span> <span class='ocrx_word' id='word_1_202' title='bbox 1869 2299 1904 2423; x_wconf 49' lang='grc' dir='ltr'><em>ῤ’</em></span> 
     </span>
     <span class='ocr_line' id='line_1_28' title="bbox 204 2447 1904 2530; baseline -0.002 -37"><span class='ocrx_word' id='word_1_203' title='bbox 204 2463 293 2493; x_wconf 79' lang='lat' dir='ltr'><strong>ree.</strong></span> <span class='ocrx_word' id='word_1_204' title='bbox 326 2449 382 2493; x_wconf 92' lang='lat' dir='ltr'><em>V.</em></span> <span class='ocrx_word' id='word_1_205' title='bbox 534 2455 573 2493; x_wconf 94' lang='lat'><em>6.</em></span> <span class='ocrx_word' id='word_1_206' title='bbox 605 2448 691 2505; x_wconf 85' lang='grc' dir='ltr'><em>τήν</em></span> <span class='ocrx_word' id='word_1_207' title='bbox 725 2475 779 2480; x_wconf 90' lang='lat'><em>——</em></span> <span class='ocrx_word' id='word_1_208' title='bbox 817 2450 875 2507; x_wconf 88' lang='grc' dir='ltr'><em>Θ]</em></span> <span class='ocrx_word' id='word_1_209' title='bbox 914 2447 997 2500; x_wconf 81' lang='grc' dir='ltr'><em>τὰς</em></span> <span class='ocrx_word' id='word_1_210' title='bbox 1027 2448 1118 2492; x_wconf 83' lang='grc' dir='ltr'><em>ὑπὸ</em></span> <span class='ocrx_word' id='word_1_211' title='bbox 1151 2451 1307 2502; x_wconf 84' lang='grc' dir='ltr'><em>ΑΚΒ,</em></span> <span class='ocrx_word' id='word_1_212' title='bbox 1342 2451 1476 2491; x_wconf 88' lang='grc' dir='ltr'><em>ΓΚΒ</em></span> <span class='ocrx_word' id='word_1_213' title='bbox 1506 2462 1574 2503; x_wconf 89' lang='lat' dir='ltr'><em>m,</em></span> <span class='ocrx_word' id='word_1_214' title='bbox 1613 2462 1673 2490; x_wconf 91' lang='lat' dir='ltr'><strong>m.</strong></span> <span class='ocrx_word' id='word_1_215' title='bbox 1706 2460 1794 2490; x_wconf 84' lang='lat' dir='ltr'><strong>rec.</strong></span> <span class='ocrx_word' id='word_1_216' title='bbox 1897 2469 1904 2530; x_wconf 45' lang='grc' dir='ltr'><em>ἶ</em></span> 
     </span>
     <span class='ocr_line' id='line_1_29' title="bbox 265 2506 1807 2567; baseline -0.002 -15"><span class='ocrx_word' id='word_1_217' title='bbox 265 2509 381 2567; x_wconf 89' lang='lat' dir='ltr'><em>BK]</em></span> <span class='ocrx_word' id='word_1_218' title='bbox 415 2511 503 2551; x_wconf 90' lang='grc' dir='ltr'><em>ΒΕ</em></span> <span class='ocrx_word' id='word_1_219' title='bbox 534 2508 595 2552; x_wconf 94' lang='grc' dir='ltr'><em>Μ.</em></span> <span class='ocrx_word' id='word_1_220' title='bbox 734 2514 772 2551; x_wconf 86' lang='grc'><em>8.</em></span> <span class='ocrx_word' id='word_1_221' title='bbox 805 2506 972 2567; x_wconf 81' lang='grc' dir='ltr'><em>ἡκέτω]</em></span> <span class='ocrx_word' id='word_1_222' title='bbox 1006 2506 1138 2552; x_wconf 83' lang='grc' dir='ltr'><em>ικέτω</em></span> <span class='ocrx_word' id='word_1_223' title='bbox 1170 2507 1230 2551; x_wconf 93' lang='grc' dir='ltr'><em>Μ.</em></span> <span class='ocrx_word' id='word_1_224' title='bbox 1368 2506 1478 2563; x_wconf 83' lang='grc' dir='ltr'><em>ὄψις</em></span> <span class='ocrx_word' id='word_1_225' title='bbox 1508 2521 1559 2562; x_wconf 79' lang='lat' dir='ltr'><em>v,</em></span> <span class='ocrx_word' id='word_1_226' title='bbox 1601 2520 1715 2550; x_wconf 79' lang='lat' dir='ltr'>corr</span> <span class='ocrx_word' id='word_1_227' title='bbox 1747 2521 1807 2550; x_wconf 90' lang='lat' dir='ltr'><strong>m.</strong></span> 
     </span>
    </p>

    <p class='ocr_par' dir='ltr' id='par_1_12' title="bbox 265 2565 1808 2625">
     <span class='ocr_line' id='line_1_30' title="bbox 265 2565 1808 2625; baseline -0.002 -14"><span class='ocrx_word' id='word_1_228' title='bbox 265 2573 305 2612; x_wconf 86' lang='lat'><strong>9.</strong></span> <span class='ocrx_word' id='word_1_229' title='bbox 340 2567 406 2625; x_wconf 89' lang='grc' dir='ltr'><em>Ε]</em></span> <span class='ocrx_word' id='word_1_230' title='bbox 438 2567 529 2612; x_wconf 80' lang='grc' dir='ltr'><em>ὑπὸ</em></span> <span class='ocrx_word' id='word_1_231' title='bbox 554 2571 694 2611; x_wconf 85' lang='grc' dir='ltr'><em>ΑΚΔ</em></span> <span class='ocrx_word' id='word_1_232' title='bbox 723 2582 783 2622; x_wconf 88' lang='lat' dir='ltr'><em>m,</em></span> <span class='ocrx_word' id='word_1_233' title='bbox 816 2582 874 2611; x_wconf 91' lang='lat' dir='ltr'><strong>m.</strong></span> <span class='ocrx_word' id='word_1_234' title='bbox 900 2581 989 2612; x_wconf 84' lang='lat' dir='ltr'><strong>rec.</strong></span> <span class='ocrx_word' id='word_1_235' title='bbox 1007 2567 1061 2611; x_wconf 92' lang='lat' dir='ltr'><em>V.</em></span> <span class='ocrx_word' id='word_1_236' title='bbox 1165 2567 1226 2624; x_wconf 91' lang='grc' dir='ltr'><em>Θ]</em></span> <span class='ocrx_word' id='word_1_237' title='bbox 1257 2565 1348 2610; x_wconf 81' lang='grc' dir='ltr'><em>ὑπὸ</em></span> <span class='ocrx_word' id='word_1_238' title='bbox 1376 2569 1511 2609; x_wconf 88' lang='grc' dir='ltr'><em>ΓΚΒ</em></span> <span class='ocrx_word' id='word_1_239' title='bbox 1541 2581 1601 2622; x_wconf 89' lang='lat' dir='ltr'><em>m,</em></span> <span class='ocrx_word' id='word_1_240' title='bbox 1718 2578 1808 2609; x_wconf 85' lang='lat' dir='ltr'><strong>rec.</strong></span> 
     </span>
    </p>

    <p class='ocr_par' dir='ltr' id='par_1_13' title="bbox 265 2625 1794 2685">
     <span class='ocr_line' id='line_1_31' title="bbox 265 2625 1794 2685; baseline -0.002 -15"><span class='ocrx_word' id='word_1_241' title='bbox 265 2631 332 2671; x_wconf 90' lang='grc'><em>10.</em></span> <span class='ocrx_word' id='word_1_242' title='bbox 367 2629 430 2682; x_wconf 97' lang='grc' dir='ltr'><em>Ε,</em></span> <span class='ocrx_word' id='word_1_243' title='bbox 458 2629 618 2684; x_wconf 88' lang='lat' dir='ltr'><strong>Z(pr.)</strong></span> <span class='ocrx_word' id='word_1_244' title='bbox 653 2653 705 2659; x_wconf 90' lang='lat'><em>—</em></span> <span class='ocrx_word' id='word_1_245' title='bbox 743 2627 809 2685; x_wconf 92' lang='grc' dir='ltr'><em>Θ]</em></span> <span class='ocrx_word' id='word_1_246' title='bbox 841 2627 932 2671; x_wconf 78' lang='grc' dir='ltr'><em>ὑπὸ</em></span> <span class='ocrx_word' id='word_1_247' title='bbox 964 2630 1099 2670; x_wconf 86' lang='lat' dir='ltr'><em>AKB</em></span> <span class='ocrx_word' id='word_1_248' title='bbox 1129 2633 1183 2683; x_wconf 84' lang='grc' dir='ltr'><em>τῇ</em></span> <span class='ocrx_word' id='word_1_249' title='bbox 1215 2625 1306 2669; x_wconf 85' lang='grc' dir='ltr'><em>ὑπὸ</em></span> <span class='ocrx_word' id='word_1_250' title='bbox 1344 2628 1476 2668; x_wconf 87' lang='grc' dir='ltr'><em>ΓΚΒ</em></span> <span class='ocrx_word' id='word_1_251' title='bbox 1506 2639 1573 2681; x_wconf 87' lang='lat' dir='ltr'><em>m,</em></span> <span class='ocrx_word' id='word_1_252' title='bbox 1613 2639 1672 2668; x_wconf 91' lang='lat' dir='ltr'><strong>m.</strong></span> <span class='ocrx_word' id='word_1_253' title='bbox 1730 2638 1794 2668; x_wconf 87' lang='lat' dir='ltr'><strong>ec.</strong></span> 
     </span>
    </p>

    <p class='ocr_par' dir='ltr' id='par_1_14' title="bbox 204 2684 1792 2803">
     <span class='ocr_line' id='line_1_32' title="bbox 266 2684 1792 2744; baseline -0.002 -14"><span class='ocrx_word' id='word_1_254' title='bbox 266 2689 321 2741; x_wconf 92' lang='grc' dir='ltr'><em>Ε,</em></span> <span class='ocrx_word' id='word_1_255' title='bbox 349 2685 540 2744; x_wconf 74' lang='lat' dir='ltr'><strong>z(alt.)]</strong></span> <span class='ocrx_word' id='word_1_256' title='bbox 572 2685 663 2730; x_wconf 82' lang='grc' dir='ltr'><em>ὑπὸ</em></span> <span class='ocrx_word' id='word_1_257' title='bbox 695 2690 828 2730; x_wconf 90' lang='lat' dir='ltr'><em>AKB</em></span> <span class='ocrx_word' id='word_1_258' title='bbox 860 2701 921 2739; x_wconf 88' lang='lat' dir='ltr'><em>m,</em></span> <span class='ocrx_word' id='word_1_259' title='bbox 951 2701 1012 2730; x_wconf 91' lang='lat' dir='ltr'><strong>m.</strong></span> <span class='ocrx_word' id='word_1_260' title='bbox 1037 2699 1127 2729; x_wconf 84' lang='lat' dir='ltr'><strong>rec.</strong></span> <span class='ocrx_word' id='word_1_261' title='bbox 1152 2685 1206 2729; x_wconf 93' lang='lat' dir='ltr'><em>V.</em></span> <span class='ocrx_word' id='word_1_262' title='bbox 1327 2688 1396 2729; x_wconf 88' lang='lat'><strong>11.</strong></span> <span class='ocrx_word' id='word_1_263' title='bbox 1431 2684 1497 2742; x_wconf 86' lang='lat' dir='ltr'><em>E]</em></span> <span class='ocrx_word' id='word_1_264' title='bbox 1529 2684 1620 2728; x_wconf 80' lang='grc' dir='ltr'><em>ὑπὸ</em></span> <span class='ocrx_word' id='word_1_265' title='bbox 1652 2687 1792 2727; x_wconf 84' lang='grc' dir='ltr'><em>ΑΚΔ</em></span> 
     </span>
     <span class='ocr_line' id='line_1_33' title="bbox 204 2741 1789 2803; baseline -0.001 -15"><span class='ocrx_word' id='word_1_266' title='bbox 204 2760 263 2789; x_wconf 89' lang='lat' dir='ltr'><strong>m.</strong></span> <span class='ocrx_word' id='word_1_267' title='bbox 295 2759 384 2790; x_wconf 84' lang='lat' dir='ltr'><strong>ree.</strong></span> <span class='ocrx_word' id='word_1_268' title='bbox 418 2745 472 2789; x_wconf 87' lang='lat' dir='ltr'><em>V.</em></span> <span class='ocrx_word' id='word_1_269' title='bbox 595 2761 740 2802; x_wconf 78' lang='grc' dir='ltr'><em>γωνια</em></span> <span class='ocrx_word' id='word_1_270' title='bbox 775 2744 917 2803; x_wconf 76' lang='grc' dir='ltr'><em>ἔσται]</em></span> <span class='ocrx_word' id='word_1_271' title='bbox 951 2744 1073 2789; x_wconf 83' lang='grc' dir='ltr'><em>ἐστιν</em></span> <span class='ocrx_word' id='word_1_272' title='bbox 1103 2759 1164 2799; x_wconf 87' lang='lat' dir='ltr'><em>m,</em></span> <span class='ocrx_word' id='word_1_273' title='bbox 1195 2759 1256 2788; x_wconf 90' lang='lat' dir='ltr'><strong>m.</strong></span> <span class='ocrx_word' id='word_1_274' title='bbox 1288 2756 1376 2787; x_wconf 81' lang='lat' dir='ltr'><strong>ree.</strong></span> <span class='ocrx_word' id='word_1_275' title='bbox 1401 2743 1456 2787; x_wconf 90' lang='lat' dir='ltr'><strong>V.</strong></span> <span class='ocrx_word' id='word_1_276' title='bbox 1579 2741 1789 2787; x_wconf 76' lang='grc' dir='ltr'><em>ἐλάττονι</em></span> 
     </span>
    </p>

    <p class='ocr_par' dir='ltr' id='par_1_15' title="bbox 206 2781 1878 2981">
     <span class='ocr_line' id='line_1_34' title="bbox 264 2781 1822 2863; baseline -0.001 -16"><span class='ocrx_word' id='word_1_277' title='bbox 264 2809 334 2848; x_wconf 89' lang='grc'><em>12.</em></span> <span class='ocrx_word' id='word_1_278' title='bbox 375 2802 516 2863; x_wconf 82' lang='grc' dir='ltr'><em>ἐστίν]</em></span> <span class='ocrx_word' id='word_1_279' title='bbox 558 2819 645 2848; x_wconf 89' lang='lat' dir='ltr'><strong>om.</strong></span> <span class='ocrx_word' id='word_1_280' title='bbox 678 2791 739 2848; x_wconf 82' lang='grc' dir='ltr'><em>Μ.</em></span> <span class='ocrx_word' id='word_1_281' title='bbox 884 2805 997 2862; x_wconf 87' lang='grc' dir='ltr'><em>ΒΚ]</em></span> <span class='ocrx_word' id='word_1_282' title='bbox 1039 2807 1126 2847; x_wconf 89' lang='grc' dir='ltr'><em>ΒΕ</em></span> <span class='ocrx_word' id='word_1_283' title='bbox 1154 2781 1218 2847; x_wconf 90' lang='grc' dir='ltr'><em>Μ.</em></span> <span class='ocrx_word' id='word_1_284' title='bbox 1363 2800 1426 2846; x_wconf 85' lang='grc' dir='ltr'><em>δι’</em></span> <span class='ocrx_word' id='word_1_285' title='bbox 1456 2803 1617 2860; x_wconf 85' lang='grc' dir='ltr'><em>αὑτῆς]</em></span> <span class='ocrx_word' id='word_1_286' title='bbox 1659 2801 1769 2860; x_wconf 82' lang='grc' dir='ltr'><em>ὄψις</em></span> <span class='ocrx_word' id='word_1_287' title='bbox 1800 2799 1822 2844; x_wconf 79' lang='grc' dir='ltr'>ἐ</span> 
     </span>
     <span class='ocr_line' id='line_1_35' title="bbox 207 2860 1833 2921; baseline -0.002 -15"><span class='ocrx_word' id='word_1_288' title='bbox 207 2862 373 2920; x_wconf 80' lang='grc' dir='ltr'><em>ἑαυτῆς</em></span> <span class='ocrx_word' id='word_1_289' title='bbox 402 2879 462 2919; x_wconf 84' lang='lat' dir='ltr'><em>m,</em></span> <span class='ocrx_word' id='word_1_290' title='bbox 494 2879 554 2907; x_wconf 89' lang='lat' dir='ltr'><strong>m.</strong></span> <span class='ocrx_word' id='word_1_291' title='bbox 587 2877 675 2907; x_wconf 83' lang='lat' dir='ltr'><strong>rec.</strong></span> <span class='ocrx_word' id='word_1_292' title='bbox 701 2864 755 2907; x_wconf 93' lang='lat' dir='ltr'><strong>V.</strong></span> <span class='ocrx_word' id='word_1_293' title='bbox 878 2864 1038 2921; x_wconf 81' lang='grc' dir='ltr'><em>αὐτῆς]</em></span> <span class='ocrx_word' id='word_1_294' title='bbox 1070 2865 1183 2907; x_wconf 75' lang='lat' dir='ltr'><strong>mut.</strong></span> <span class='ocrx_word' id='word_1_295' title='bbox 1216 2861 1267 2905; x_wconf 86' lang='lat' dir='ltr'><em>in</em></span> <span class='ocrx_word' id='word_1_296' title='bbox 1299 2860 1465 2918; x_wconf 79' lang='grc' dir='ltr'><em>ἑαυτῆς</em></span> <span class='ocrx_word' id='word_1_297' title='bbox 1496 2877 1556 2906; x_wconf 92' lang='lat' dir='ltr'><strong>m.</strong></span> <span class='ocrx_word' id='word_1_298' title='bbox 1589 2867 1614 2904; x_wconf 91' lang='grc'>2</span> <span class='ocrx_word' id='word_1_299' title='bbox 1647 2875 1689 2905; x_wconf 84' lang='lat' dir='ltr'><strong>v.</strong></span> <span class='ocrx_word' id='word_1_300' title='bbox 1812 2864 1833 2903; x_wconf 94' lang='lat'>1</span> 
     </span>
     <span class='ocr_line' id='line_1_36' title="bbox 206 2900 1878 2981; baseline -0.001 -15"><span class='ocrx_word' id='word_1_301' title='bbox 206 2900 468 2981; x_wconf 80' lang='grc' dir='ltr'><em>ἀρμόσειεν]</em></span> <span class='ocrx_word' id='word_1_302' title='bbox 502 2922 716 2979; x_wconf 80' lang='grc' dir='ltr'><em>ἁρμόσειε</em></span> <span class='ocrx_word' id='word_1_303' title='bbox 747 2920 828 2966; x_wconf 84' lang='grc' dir='ltr'><em>καί</em></span> <span class='ocrx_word' id='word_1_304' title='bbox 857 2937 925 2978; x_wconf 86' lang='lat' dir='ltr'><em>m,</em></span> <span class='ocrx_word' id='word_1_305' title='bbox 971 2937 1030 2966; x_wconf 89' lang='lat' dir='ltr'><strong>m.</strong></span> <span class='ocrx_word' id='word_1_306' title='bbox 1063 2935 1152 2966; x_wconf 86' lang='lat' dir='ltr'><strong>rec.</strong></span> <span class='ocrx_word' id='word_1_307' title='bbox 1185 2922 1239 2966; x_wconf 90' lang='lat' dir='ltr'><strong>V.</strong></span> <span class='ocrx_word' id='word_1_308' title='bbox 1384 2920 1463 2979; x_wconf 80' lang='grc' dir='ltr'><em>ἄν]</em></span> <span class='ocrx_word' id='word_1_309' title='bbox 1496 2921 1565 2976; x_wconf 89' lang='grc' dir='ltr'><em>Μ,</em></span> <span class='ocrx_word' id='word_1_310' title='bbox 1613 2934 1700 2966; x_wconf 88' lang='lat' dir='ltr'><em>om</em></span> <span class='ocrx_word' id='word_1_311' title='bbox 1733 2917 1878 2976; x_wconf 66' lang='lat' dir='ltr'><em>va}</em></span> 
     </span>
    </p>
   </div>
   <div class='ocr_carea' id='block_1_10' title="bbox 1836 2980 1887 3184">
    <p class='ocr_par' dir='ltr' id='par_1_16' title="bbox 1836 2980 1887 3184">
     <span class='ocr_line' id='line_1_37' title="bbox 1836 2980 1887 3184; baseline 0 -177"><span class='ocrx_word' id='word_1_312' title='bbox 1836 2980 1887 3184; x_wconf 68' lang='lat'><em>11</em></span> 
     </span>
    </p>
   </div>
   <div class='ocr_carea' id='block_1_11' title="bbox 1880 2525 1904 3184">
    <p class='ocr_par' dir='ltr' id='par_1_17' title="bbox 1880 2525 1904 3184">
     <span class='ocr_line' id='line_1_38' title="bbox 1880 2525 1904 3184; baseline 0 -624"><span class='ocrx_word' id='word_1_313' title='bbox 1880 2525 1904 3184; x_wconf 95' lang='lat' dir='ltr'><em>  </em></span> 
     </span>
    </p>
   </div>
  </div>
 </body>
</html>
