1904 3184
183 41 293 94 194
532 45 889 95 onnconmss
913 46 1220 91 mommo
1244 49 1522 93 mom.

179 164 241 216 τὸ
279 167 335 216 Α
381 161 529 233 ὄμμα
575 162 663 217 ἐπὶ
708 165 770 217 τὸ
808 168 891 233 Ν,
943 163 1037 218 καὶ
1077 164 1204 237 περὶ
1241 169 1343 236 τὴν
1381 171 1509 222 ΚΝ
1545 170 1746 233 κύκλος
1783 191 1871 239 γε-

179 251 444 324 γράφθω,
498 250 591 305 καὶ
644 252 1058 322 ἐπεζεύχθωσαν
1112 255 1174 308 αἱ
1214 259 1357 324 ΝΡ,
1387 259 1516 326 PK,
1555 261 1699 327 ΝΣ,
1738 263 1870 313 ΣΚ.

177 340 385 394 οὐκοῦν
423 342 487 394 αἶ
521 341 626 395 άπὸ
666 349 771 395 τοῦ
804 347 859 395 Α
897 341 1137 413 ὄμματος
1175 343 1390 407 ἀκτῖνες
1426 350 1870 414 προσπίπτουσαι

174 431 314 483 κατὰ
344 430 440 493 τὰς
470 435 596 499 ΑΔ,
620 436 675 484 A
685 435 731 483 Z
769 439 1090 485 πεσοῦνται·
1130 433 1270 486 ὥστε
1300 443 1556 503 φανεῖται
1587 437 1649 489 τὸ
1686 440 1868 490 ΖΦΔ.

115 534 143 573 5
177 520 270 573 διὰ
309 520 377 572 τὰ
423 519 564 573 αὐτὰ
611 521 680 589 δὴ
725 519 818 573 καὶ
865 522 927 574 αἰ
965 520 1071 575 ἀπὸ
1118 529 1218 575 τοῦ
1257 526 1322 575 Ν
1368 521 1609 592 ὄμματος
1655 524 1870 588 ἀκτῖνες

171 611 616 680 προσπίπτουσαι
639 610 778 662 κατὰ
799 611 896 673 τὰς
919 614 1045 679 ΝΡ,
1070 614 1196 664 ΝΣ
1213 619 1533 665 πεσοῦνται·
1558 611 1871 682 ὀφθήσεται

172 698 280 768 ἄρα
312 698 372 750 τὸ
398 701 583 750 ΡΦΣ.
638 699 822 767 μεῖζον
852 694 914 750 δὲ
944 698 1006 751 τὸ
1034 701 1201 751 ΖΦΔ
1239 706 1338 752 τοῦ
1363 702 1547 752 ΡΦΣ.
1611 703 1868 769 φαίνεται

171 783 234 839 δὲ
273 788 531 840 ἔλασσον·
569 788 769 856 μείζων
806 787 912 857 γὰρ
951 786 985 855 ἡ
1016 787 1155 858 πρὸς
1186 795 1261 860 τῷ
1293 791 1358 841 Ν
1390 792 1565 856 γωνία
1603 796 1698 858 τῆς
1727 790 1868 860 πρὸς

169 882 249 948 τῷ
285 881 340 929 Α
378 878 598 944 γωνίας.

79 992 136 1032 10
964 978 1070 1049 λβ’.

279 1085 485 1138 Κώνου
531 1084 738 1140 κύκλον
794 1086 1015 1154 ἔχοντος
1061 1085 1163 1153 τὴν
1210 1083 1400 1154 βάσιν,
1457 1083 1552 1138 ἐὰν
1600 1084 1706 1138 ἀπὸ
1752 1095 1904 1157 τῶν·

168 1182 439 1243 συναφῶν
485 1182 598 1229 τῶν
645 1172 750 1227 ἀπὸ
794 1180 894 1226 τοῦ
935 1174 1177 1243 ὄμματος
1222 1174 1360 1245 πρὸς
1398 1175 1500 1243 τὴν
1538 1181 1637 1227 τοῦ
1675 1175 1864 1228 κώνου
1895 1210 1904 1245 ,.·

166 1262 333 1332 βάσιν
377 1271 849 1334 προσπιπτουσῶν
897 1262 1142 1316 ἀκτίνων
1188 1263 1405 1316 εὐθεῖαι
1453 1263 1729 1332 διαχθῶσι
1768 1264 1863 1317 διὰ
1896 1323 1904 1334 .

165 1359 263 1422 τῆς
287 1351 611 1422 ἐπιφανείας
642 1359 738 1421 τῆς
768 1359 868 1405 τοῦ
892 1352 1077 1405 κώνου
1101 1352 1240 1422 πρὸς
1264 1353 1366 1421 τὴν
1388 1353 1644 1421 κορυφὴν
1672 1352 1864 1422 αὐτοῦ,
1902 1383 1904 1386 ·

78 1452 134 1492 15
167 1442 262 1495 διὰ
302 1438 363 1494 δὲ
402 1452 513 1495 τῶν
552 1441 832 1511 ἀχθεισῶν
878 1439 971 1494 καὶ
1011 1451 1122 1494 τῶν
1162 1440 1268 1494 ἀπὸ
1309 1447 1408 1493 τοῦ
1449 1442 1688 1510 ὄμματος
1724 1443 1904 1523 πρὸςξ

164 1532 265 1600 τὴν
294 1531 461 1600 βάσιν
493 1538 593 1584 τοῦ
621 1531 805 1585 κώνου
836 1539 1306 1601 προσπιπτουσῶν
1338 1530 1566 1583 ἐπίπεδα
1599 1529 1864 1602 ἐκβληθῇ,

164 1618 252 1674 ἐπὶ
291 1617 354 1673 δὲ
392 1628 488 1690 τῆς
526 1627 716 1689 κοινῆς
754 1627 924 1689 τομῆς
961 1628 1075 1673 τῶν
1114 1617 1388 1672 ἐπιπέδων
1426 1619 1488 1672 τὸ
1522 1620 1666 1688 ὄμμα
1705 1625 1863 1690 τεθῇ,
1896 1619 1898 1674 [

161 1710 224 1762 τὸ
270 1708 555 1779 ὁρώμενον
601 1716 701 1762 τοῦ
746 1709 932 1762 κώνου
989 1713 1111 1762 ἴσον
1159 1709 1251 1760 διὰ
1298 1708 1504 1771 παντὸς
1549 1699 1899 1778 ὀφθήσεταιῖ

159 1804 257 1867 τῆς
288 1799 466 1862 ὄψεως
498 1796 586 1851 ἐπὶ
615 1798 972 1869 παραλλήλου
1006 1796 1268 1851 ἐπιπέδου
1300 1804 1375 1869 τῷ
1403 1795 1856 1870 προϋποκειμένςο
1885 1817 1904 1865 3

70 1897 128 1937 20
162 1885 398 1959 ἐπιπέδῳ
439 1886 807 1957 ὑπαρχούσης.

272 1978 409 2029 ἔστω
448 1976 554 2046 γὰρ
593 1984 793 2043 κῶνος,
841 1971 908 2028 οὗ
946 1974 1108 2044 βάσις
1145 1972 1246 2044 μὲν
1285 1975 1314 2029 ὁ
1356 1978 1457 2028 ΓΔ
1494 1976 1718 2045 κύκλος,
1763 1996 1890 2036 κο-,

159 2066 310 2134 ρυφὴ
352 2061 413 2117 δὲ
450 2065 512 2118 τὸ
553 2067 600 2116 Β
640 2074 890 2133 σημεῖον,
931 2063 1079 2133 ὄμμα
1121 2061 1181 2117 δὲ
1220 2065 1281 2117 τὸ
1322 2067 1399 2133 Κ,
1440 2062 1539 2133 ἀφ’
1576 2060 1643 2118 οὗ
1680 2051 1900 2135 προσ-’ἶ

156 2152 504 2206 πιπτέτωσαν
550 2152 764 2216 ἀκτῖνες
810 2154 871 2206 αἱ
912 2156 969 2205 Κ
975 2159 1030 2206 Δ
1039 2194 1055 2222 ,
1093 2156 1212 2207 ΚΓ
1256 2153 1554 2223 ἁπτόμεναι
1602 2155 1738 2206 κατὰ
1783 2155 1851 2207 τὰ
1881 2142 1889 2229 J

158 2245 220 2311 Γ,
250 2247 330 2311 Δ,
375 2240 468 2295 καὶ
515 2241 930 2311 ἐπεζεύχθωσαν
977 2242 1082 2296 ἀπὸ
1121 2251 1232 2295 τῶν
1271 2247 1351 2311 Δ,
1385 2245 1439 2295 Γ
1475 2245 1715 2311 σημείων
1762 2241 1850 2295 ἐπὶ

66 2342 123 2382 25
155 2333 258 2402 τὴν
295 2333 552 2403 κορυφὴν
590 2338 689 2384 τοῦ
719 2332 904 2385 κώνου
943 2332 1004 2384 αἱ
1031 2334 1162 2400 ΔΒ,
1195 2334 1314 2400 ΓΒ,
1353 2329 1445 2384 καὶ
1481 2332 1575 2384 διὰ
1604 2329 1706 2400 μὲν
1736 2341 1849 2385 τῶν

272 2556 311 2597 5.
346 2552 427 2596 καὶ
458 2551 535 2611 αἱ]
570 2565 682 2595 con.
718 2565 774 2594 ex
805 2549 886 2595 καί
916 2567 977 2595 m.
1011 2557 1036 2595 2
1069 2551 1124 2595 V.
1261 2556 1298 2595 7.
1337 2551 1486 2608 ΖΦΔ]
1525 2553 1651 2594 ΖΦΛ
1682 2565 1754 2606 pv
1793 2551 1844 2594 eb
1902 2593 1904 2616 Ι

152 2625 176 2656 e
209 2626 322 2656 corn
355 2612 411 2656 V.
549 2615 591 2656 8.
630 2612 784 2667 μεῖζον
815 2626 858 2656 v.
997 2615 1037 2655 9.
1076 2611 1159 2670 τῷ]
1191 2609 1243 2655 τό
1274 2625 1356 2666 pv.
1497 2613 1568 2654 11.
1607 2608 1751 2654 κόνου
1783 2609 1874 2665 Vs
1902 2618 1904 2624 ’

152 2672 234 2716 sed
266 2685 379 2716 corr,
505 2675 574 2716 14.
608 2668 864 2727 ἐπιφανίας
894 2686 936 2715 v.
1061 2674 1129 2715 15.
1167 2670 1422 2728 ἀχθεισῶν]
1458 2684 1543 2712 -ει-
1576 2682 1600 2712 e
1633 2683 1746 2713 corr,
1781 2669 1836 2713 V.
1899 2685 1904 2718 i

212 2736 279 2775 16.
320 2731 442 2774 Ante
476 2728 676 2774 ἐπίπεδα
714 2744 802 2775 raS.
837 2736 862 2774 2
895 2729 986 2774 litt.
1019 2729 1075 2774 V.
1230 2733 1298 2773 19.
1338 2728 1654 2786 παραλλήλου]
1688 2727 1858 2784 comp.'
1900 2731 1904 2763 ἰ

148 2789 290 2847 va,
332 2789 548 2834 omnibus
579 2788 751 2833 litteris
785 2789 1009 2846 scriptum
1041 2788 1148 2834 add.
1181 2803 1240 2833 m.
1276 2801 1363 2833 rec.
1397 2788 1452 2832 V.
1576 2793 1645 2832 24.
1680 2792 1735 2843 A,
1764 2787 1854 2845 F]
1898 2765 1904 2855 Ι

150 2853 203 2905 Γ,
228 2855 270 2894 Δ
300 2865 344 2906 p.
468 2853 540 2894 ⁶25.
573 2848 653 2907 αἱ]
686 2848 736 2892 in
766 2864 854 2894 ras,
890 2849 944 2894 V.
1861 2853 1867 2858 '
1897 2858 1904 2866 ⁴
