1904 3184
194 155 265 208 92
762 153 1046 197 EUCLIDIS
1079 153 1309 196 OPTICA.
1873 0 1904 238 11

193 279 324 345 ΕΒ,
356 279 490 344 ΑΔ,
522 278 652 343 ΒΔ,
698 272 788 327 καὶ
826 274 1256 344 περιγεγράφθω
1295 271 1421 343 περὶ
1458 274 1521 326 τὸ
1561 276 1728 326 ΑΕΒ
1767 262 1904 347 *cpi-ff

193 385 378 434 γωνον
408 372 590 434 τμῆμα
620 364 681 416 τὸ
707 366 893 432 ΑΕΒ,
923 360 1015 415 καὶ
1038 365 1245 416 κείσθω
1270 371 1336 433 τῇ
1359 361 1468 416 ὑπὸ
1492 371 1605 415 τῶν
1631 365 1748 431 ΓΛ,
1771 367 1825 415 A
1833 356 1904 437 B'¹

193 457 368 526 γωνίᾳ
409 458 496 522 ἴση
537 454 712 521 γωνία
750 452 783 520 ἡ
821 452 930 505 ὑπὸ
971 461 1082 505 τῶν
1122 454 1239 520 ΓΑ,
1271 457 1324 504 A
1335 455 1405 521 Ζ,
1443 450 1535 505 καὶ
1575 451 1904 521 ἐπεζεύχθω

194 543 227 611 ἡ
268 547 388 596 ΒΖ.
466 542 527 596 ἐν
572 543 756 614 κύκλῳ
802 543 909 612 ἄρα
957 540 1070 594 ἐστὶ
1117 542 1183 594 τὰ
1230 545 1303 609 Β,
1343 547 1420 611 Α,
1463 545 1533 610 Ζ,
1572 547 1627 594 A
1674 551 1904 611 σημεῖα·

137 645 162 684 5
196 631 311 686 ε’πεὶ
358 628 461 686 οὖν
506 634 703 701 μείζων
749 634 924 699 γωνία
969 630 1003 699 ἡ
1042 631 1150 684 ὑπὸ
1190 634 1358 683 ΑΕΒ
1406 638 1502 700 τῆς
1546 630 1654 684 ὑπὸ
1696 635 1884 701 ΑΖΒ,

194 720 227 789 ἡ
269 719 330 774 δὲ
367 721 475 774 ὑπὸ
507 724 675 773 ΑΖΒ
714 729 779 791 τῇ
813 720 922 774 ὑπὸ
954 728 1067 774 τῶν
1098 725 1226 789 ΑΔ,
1256 724 1367 773 AB
1410 725 1498 789 ἴση
1539 719 1705 789 ἐστίν,
1746 715 1904 774 ἐπειέ

195 811 367 880 δήπερ
416 809 477 863 ἐν
523 818 598 882 τῷ
646 810 795 882 αὐτῷ
841 811 1082 880 τμήματί
1124 809 1298 878 ἐστιν,
1352 808 1444 863 καὶ
1489 809 1523 878 ἡ
1569 809 1677 863 ὑπὸ
1717 814 1884 863 ΑΕΒ

194 900 302 970 ἄρα
347 906 443 968 τῆς
487 899 595 953 ὑπὸ
636 903 802 953 AAB
849 902 1046 969 μείζων
1093 898 1256 952 ἐστίν.
1335 897 1454 952 ἀλλ’
1496 898 1605 952 ὑπὸ
1652 897 1752 969 μὲν
1790 907 1904 969 τῆς·

194 987 302 1040 ὑπὸ
343 992 508 1041 AAB
554 989 616 1042 τὸ
664 992 773 1042 ΑΒ
821 987 1076 1057 βλέπεται
1121 995 1222 1041 τοῦ
1269 987 1510 1058 ὄμματος
1555 986 1644 1042 ἐπὶ
1690 996 1789 1042 τοῦ
1830 993 1900 1042 A·

108 1089 163 1127 10
195 1075 372 1145 ὄντος,
410 1077 519 1130 ὑπὸ
560 1074 620 1130 δὲ
651 1084 748 1146 τῆς
777 1077 885 1130 ὑπὸ
919 1081 1087 1130 ΑΕΒ
1126 1078 1188 1130 τὸ
1221 1077 1355 1130 αὐτὸ
1387 1078 1449 1130 τὸ
1483 1082 1535 1130 A
1546 1081 1592 1130 Β
1632 1072 1904 1146 βλέπεταιῇ

196 1173 295 1219 τοῦ
343 1165 585 1236 ὄμματος
631 1165 718 1219 ἐπὶ
766 1173 864 1219 τοῦ
904 1170 957 1218 Ε
999 1165 1174 1229 ὄντος.
1252 1167 1447 1219 ἄνισον
1493 1168 1599 1237 ἄρα
1646 1167 1706 1220 τὸ
1747 1166 1886 1237 ὁρώ-

196 1275 364 1325 μενον
419 1258 674 1325 φαίνεται
737 1253 825 1308 ἐπὶ
879 1262 974 1324 τῆς
1027 1259 1140 1308 EA
1201 1255 1425 1319 εὐθείας
1484 1263 1584 1309 τοῦ
1646 1245 1904 1326 ὄμματοςξ

195 1342 619 1414 μεθισταμένου.
667 1345 913 1415 φανερὸν
937 1342 1015 1412 δέ,
1039 1343 1124 1397 ὅτι
1148 1342 1238 1397 καὶ
1264 1343 1352 1398 ε’πὶ
1376 1353 1471 1414 τῆς
1495 1347 1610 1397 ΕΓ
1623 1340 1904 1415 μεθισταέ

195 1432 366 1503 μένου
412 1440 511 1486 τοῦ
551 1434 790 1502 ὄμματος
829 1434 1025 1486 ἄνισον
1070 1433 1132 1486 τὸ
1172 1432 1456 1503 ὁρώμενον
1494 1435 1749 1502 φαίνεται
1795 1431 1904 1506 καὶ·

111 1533 165 1572 15
198 1521 457 1591 μέγιστον
502 1519 603 1591 μὲν
641 1523 778 1575 κατὰ
824 1523 925 1591 τὴν
970 1522 1109 1592 πρὸς
1146 1530 1221 1595 τῷ
1260 1526 1313 1574 Ε
1354 1521 1542 1591 θέσιν,
1596 1525 1779 1591 μεῖζον
1825 1515 1899 1576 δὲ,ν

196 1609 279 1664 ἀεὶ
325 1611 462 1663 κατὰ
508 1612 610 1680 τὴν
656 1610 951 1679 ἐγγύτερον
998 1610 1170 1663 αὐτοῦ
1218 1609 1306 1680 ἐφ’
1350 1611 1726 1682 ὁποτερασοῦν
1774 1608 1899 1664 τῶν(

196 1704 324 1768 ΕΔ,
364 1702 476 1752 ΕΓ
515 1700 777 1768 εὐθειῶν,
826 1705 950 1753 ἴσον
989 1697 1050 1752 δὲ
1087 1700 1224 1753 κατὰ
1262 1700 1328 1753 τὰ
1370 1704 1414 1754 Ζ
1459 1699 1551 1753 καὶ
1589 1705 1644 1752 A
1689 1698 1780 1753 καὶ
1819 1701 1886 1754 τὰ

196 1788 397 1858 ὁμοίως
443 1789 631 1851 αὐτοῖς
677 1791 1062 1858 λαμβανόμενα
1109 1789 1202 1842 διὰ
1240 1790 1302 1842 τὸ
1350 1789 1411 1842 έν
1449 1797 1525 1862 τῷ
1566 1789 1714 1862 αὐτῷ
1754 1790 1901 1859 τμή-’

196 1897 324 1947 ματι
364 1873 506 1931 εἶναι
544 1878 641 1940 τὰς
679 1880 898 1945 γωνίας.
1901 1883 1904 1890 “

108 2052 165 2091 20
904 2039 1162 2104 ’'Ammg.

291 2143 471 2198 '‘Eo‘vco
510 2145 614 2215 γὰρ
648 2144 928 2215 ὁρώμενον
960 2146 1021 2198 τὸ
1053 2148 1185 2214 ΚΔ,
1225 2146 1416 2199 εὐθεῖα
1448 2142 1509 2198 δὲ
1540 2144 1573 2213 ἡ
1605 2147 1718 2198 ΒΓ
1749 2159 1885 2215 συμ-

196 2238 472 2287 πίπτουσα
510 2242 576 2304 τῇ
616 2237 725 2286 KA
763 2233 1294 2305 προσεκβαλλομένῃ.
1364 2236 1616 2304 εἰλήφθω
1656 2241 1751 2303 τῆς
1784 2236 1884 2287 ΓΔ

196 2322 288 2377 καὶ
327 2331 422 2393 τῆς
462 2326 574 2376 ΓΚ
612 2321 747 2393 μέση
795 2322 1070 2391 ἀνάλογον
1116 2323 1149 2391 ἡ
1192 2327 1316 2393 ΓΖ,
1369 2322 1461 2376 καὶ
1505 2323 1809 2393 ἐπεζεύχθω
1849 2321 1883 2392 ἡ

200 2415 312 2465 ΖΚ
344 2411 436 2465 καὶ
474 2411 507 2479 ἡ
551 2415 678 2480 ΖΔ,
715 2409 841 2482 περὶ
880 2409 940 2463 δὲ
979 2413 1081 2480 τὴν
1119 2415 1228 2465 KA
1266 2420 1447 2482 τμῆμα
1485 2413 1814 2483 γεγράφθω,
1853 2397 1904 2465 ὃ1

316 2607 355 2646 2.
389 2603 542 2660 ΑΕΒ]
576 2615 688 2646 corr.
717 2615 773 2645 ex
803 2604 952 2645 AEH
979 2602 1085 2647 Vah.
1207 2602 1320 2660 τῶν]
1354 2615 1441 2646 om.
1466 2617 1525 2647 m.
1651 2605 1747 2658 ΓΔ,
1773 2605 1862 2646 ΔΒ
1888 2627 1904 2640 >-

199 2665 326 2706 ΓΔΒ
358 2676 417 2706 m.
542 2665 581 2706 3.
615 2661 725 2719 τῶν]
760 2674 848 2704 om.
873 2676 933 2705 m.
998 2695 1018 2715 a
1059 2665 1149 2718 ΓΑ,
1172 2662 1276 2719 ΑΖ]
1312 2664 1435 2705 ΓΑΖ
1465 2676 1524 2706 m.
1646 2666 1688 2706 4.
1720 2661 1749 2718 ἡ
1779 2664 1862 2705 ΒΖ

197 2720 247 2763 in
278 2735 383 2777 ras.,
419 2734 511 2776 seq.
545 2735 634 2765 ras.
669 2725 694 2764 2
727 2719 834 2777 litt„
867 2720 923 2776 V,
954 2723 1063 2776 posi]
1092 2735 1183 2765 ras.
1217 2725 1243 2763 3
1275 2719 1366 2765 litt.
1400 2735 1441 2765 v.
1580 2725 1619 2765 5.
1653 2722 1808 2777 μεῖζον
1838 2734 1889 2765 va

258 2785 296 2824 6.
330 2781 441 2838 τῶν]
477 2794 564 2825 om.
589 2795 649 2824 m.
742 2783 837 2835 AA,
861 2780 969 2838 AB]
1002 2784 1129 2824 AAB
1159 2780 1362 2824 Vat.¹m.
1459 2783 1496 2824 7.
1532 2779 1674 2838 ἐστιν]
1709 2780 1795 2824 εἰσι
1820 2793 1883 2836 m,

198 2838 291 2882 ἐστι
320 2839 480 2884 Vat.v.
613 2844 651 2883 8.
686 2840 840 2895 μεῖζον
872 2854 913 2883 v.
1038 2837 1131 2883 ἐστι’
1161 2854 1203 2884 v.
1335 2844 1374 2883 9.
1407 2839 1458 2884 τὸ
1490 2841 1592 2898 ΑΒ]
1625 2854 1712 2884 om.
1747 2837 1879 2884 codd.

257 2896 472 2955 βλέπεται
502 2898 552 2942 τὸ
584 2901 667 2942 AB
698 2913 758 2941 m.
893 2904 976 2942 τοῦ
1002 2898 1138 2956 (alb.)]
1177 2897 1228 2942 τό
1259 2913 1318 2943 m.
1474 2903 1542 2943 10.
1574 2899 1666 2943 ὑπὸ
1699 2896 1750 2942 δὲ
1781 2896 1881 2954 τῆς]

195 2955 269 2999 bis
301 2957 356 3000 V.
456 2958 506 3001 τὸ
540 2958 654 3002 αὐτὸ
686 2957 736 3001 τὸ
772 2961 855 3000 ΑΒ
887 2955 1121 3016 βλέπεται]
1156 2971 1242 3002 om.
1275 2973 1316 3001 v.
1410 2963 1446 3002 A
1457 2958 1511 3016 Β]
1544 2963 1580 3002 Α
1612 2973 1654 3015 v,
1689 2959 1736 3001 eb
1758 2957 1896 3015 Vah,v
