1904 3184
177 121 249 173 84
746 122 1029 164 EUOLIDIS
1061 120 1290 164 OPTIGA.

967 282 1080 337 λθ’.

281 387 410 442 Ἐὰν
449 387 684 458 μέγεθός
713 407 766 440 τι
804 388 943 458 πρὸς
981 387 1158 459 ὀρθὰς
1200 382 1230 459 ᾗ
1269 395 1344 460 τῷ
1375 386 1714 461 ὑποκειμένῳ
1753 388 1865 442 ε’πι-

173 477 347 551 πέδῳ,
394 483 532 548 τεθῇ
573 474 634 530 δὲ
672 477 734 530 τὸ
773 478 918 546 ὄμμα
967 476 1060 530 ἐπί
1091 497 1144 530 τι
1193 486 1418 546 σημεῖον
1463 484 1563 530 τοῦ
1605 476 1864 531 ἐπιπέδου

172 566 265 621 καὶ
313 570 638 637 μεθίστηται
684 566 745 619 τὸ
793 565 1077 637 ὁρώμενον
1130 563 1218 619 ἐπὶ
1263 566 1471 619 κύκλου
1516 570 1866 637 περιφερείας

115 667 141 706 5
173 655 405 727 κέντρον
473 657 694 725 ἔχοντος
757 655 819 708 τὸ
881 657 1058 724 ὄμμα,
1130 659 1253 707 ἴσον
1315 653 1398 707 ἀεὶ
1459 656 1521 708 τὸ
1583 655 1865 726 ὁρώμενον

174 745 483 815 ὀφθήσεται
521 745 659 798 κατὰ
696 744 1050 815 παράλληλον
1088 742 1252 797 θέσιν
1291 751 1357 815 τῇ
1404 743 1456 808 ἐξ
1498 743 1667 815 ἀρχῆς
1708 765 1865 814 μετα-

173 837 386 903 βαῖνον.

284 925 420 976 ἔστω
462 922 746 994 ὁρώμενόν
785 942 837 975 τι
876 921 1112 992 μέγεθος
1149 923 1210 975 τὸ
1251 926 1361 975 ΑΒ
1408 924 1545 993 πρὸς
1584 922 1761 994 ὀρθὰς
1799 922 1864 977 ὃν

171 1019 248 1084 τῷ
282 1010 536 1085 ἐπιπέδῳ,
575 1014 721 1082 ὄμμα
753 1009 814 1065 δὲ
845 1013 981 1065 ἔστω
1013 1012 1075 1064 τὸ
1103 1013 1161 1063 Γ.
1223 1009 1316 1064 καὶ
1347 1010 1651 1081 ἐπεζεύχθω
1684 1011 1717 1080 ἡ
1745 1014 1863 1082 ΓΒ,

85 1111 140 1152 10
172 1099 265 1154 καὶ
303 1099 511 1173 κέντρῳ
553 1098 654 1170 μὲν
691 1109 767 1173 τῷ
800 1103 862 1169 Γ,
901 1101 1118 1169 διαστή-

171 1209 298 1260 ματι
356 1187 416 1243 δὲ
469 1198 545 1262 τῷ
601 1192 711 1242 ΓΒ
773 1190 974 1252 κύκλος
1030 1209 1117 1257 γε-

171 1279 413 1350 γράφθω
445 1278 474 1333 ὁ
501 1282 617 1332 ΒΔ.
681 1277 838 1347 λέγω,
878 1279 979 1347 ὅτι,
1021 1278 1118 1332 ε’ὰν

171 1367 259 1422 ἐπὶ
289 1375 387 1437 τῆς
410 1374 513 1421 τοῦ
536 1369 743 1421 κύκλου
767 1370 1118 1439 περιφερείας

170 1460 495 1526 μεθίστηται
556 1458 618 1510 τὸ
682 1462 734 1510 Α
752 1460 799 1510 Β
865 1456 1116 1526 μέγεθος,

83 1557 138 1596 15
171 1545 277 1599 ἀπὸ
301 1553 400 1599 τοῦ
427 1548 481 1599 Γ
505 1548 745 1615 ὄμματος
778 1551 901 1599 ἴσον
933 1546 1115 1616 ὀφθή-

170 1649 321 1688 σεται
360 1636 422 1688 τὸ
462 1639 588 1688 AB.
657 1634 749 1689 καὶ
787 1636 892 1706 γὰρ
931 1634 964 1703 ἡ
1005 1639 1115 1688 AB

170 1722 316 1794 ὀρθή
356 1722 470 1777 ἐστι
516 1723 608 1777 καὶ
646 1734 795 1778 ποιεῖ
836 1725 975 1795 πρὸς
1013 1726 1115 1794 τὴν

170 1815 283 1865 ΒΓ
320 1815 530 1880 γωνίαν
577 1812 783 1884 ὀρθήν,
836 1821 1006 1866 πᾶσαι
1054 1810 1114 1866 δὲ

169 1902 232 1954 αἱ
274 1900 380 1955 ἀπὸ
426 1908 528 1954 τοῦ
569 1904 624 1954 Γ
664 1901 895 1973 κέντρου
941 1904 1385 1973 προσπίπτουσαι
1429 1903 1568 1974 πρὸς
1613 1904 1714 1972 τὴν
1759 1910 1857 1956 τοῦ

83 1999 140 2041 20
171 1991 379 2043 κύκλου
403 1988 760 2061 περιφέρειαν
792 1991 1007 2044 εὐθεῖαι
1041 1996 1161 2054 ἴσας
1184 1993 1390 2059 γωνίας
1412 1998 1685 2044 ποιοῦσιν.
1738 1995 1860 2044 ἴσον
1902 2007 1904 2012 ·

169 2080 276 2151 ἄρα
314 2080 376 2133 τὸ
416 2079 699 2149 ὁρώμενον
737 2079 1046 2149 ὀφθήσεται
1084 2078 1333 2150 μέγεθος.

281 2167 377 2222 ἐὰν
417 2165 478 2221 δὲ
518 2167 624 2222 ἀπὸ
663 2176 762 2222 τοῦ
804 2171 858 2222 Γ
893 2168 1126 2241 κέντρου
1171 2170 1310 2241 πρὸς
1347 2168 1524 2241 ὀρθὰς
1570 2169 1858 2239 ἀνασταθῇ

168 2257 385 2326 εὐθεῖα,
426 2255 513 2310 ε’πὶ
553 2254 613 2310 δὲ
651 2259 852 2326 ταύτης
890 2259 952 2311 τὸ
992 2257 1139 2328 ὄμμα
1175 2264 1336 2330 τεθῇ,
1378 2257 1470 2312 καὶ
1509 2265 1858 2328 μετακινῆται

167 2347 229 2399 τὸ
263 2346 547 2417 ὁρώμενον
582 2345 817 2416 μέγεθος
847 2348 985 2400 κατὰ
1014 2356 1111 2417 τῆς
1142 2355 1240 2401 τοῦ
1271 2349 1479 2401 κύκλου
1510 2350 1859 2419 περιφερείας

80 2445 136 2485 25
168 2435 522 2506 παράλληλον
555 2435 622 2489 ὂν
652 2444 718 2507 τῇ
751 2436 960 2508 εὐθείᾳ,
1000 2435 1089 2506 ἐφ’
1124 2432 1190 2506 ἧς
1226 2438 1288 2490 τὸ
1321 2435 1484 2507 ὄμμα,
1526 2441 1647 2490 ἴσον
1679 2434 1763 2490 ἀεὶ
1794 2437 1856 2490 τὸ

169 2524 452 2595 ὁρώμενον
491 2525 813 2595 ὀφθήσεται.

288 2748 326 2788 1.
368 2744 472 2803 λθ’]
514 2758 601 2789 om.
636 2759 685 2801 v,
736 2745 817 2801 μη’
851 2745 906 2802 V,
954 2746 1034 2801 μς’
1068 2745 1175 2790 Vat.
1210 2760 1269 2790 m.
1304 2749 1342 2789 2.
1496 2750 1536 2790 4.
1578 2744 1854 2802 μεθίσταται
1902 2782 1904 2786 .

167 2802 291 2858 Vat„
326 2817 439 2848 corr.
473 2819 532 2848 m.
561 2809 599 2848 2.
724 2811 763 2849 5.
797 2804 872 2848 ἀεὶ
904 2803 1005 2849 ἴσον
1038 2805 1198 2849 Vat.v.
1323 2808 1390 2849 10.
1423 2803 1616 2861 κέντρον
1647 2821 1689 2851 v.
1785 2810 1851 2850 11.

168 2859 220 2905 δὲ
252 2863 332 2920 τῷ]
367 2876 479 2909 corr.
515 2877 571 2907 ex
603 2860 654 2907 δὲ
689 2864 740 2908 τό
770 2879 830 2908 m.
863 2869 889 2907 2
921 2863 975 2908 V.
1117 2865 1218 2922 ΓΒ]
1252 2867 1344 2907 ΒΓ
1368 2864 1570 2910 Vat.¹1n.
1704 2870 1770 2910 12.
1806 2865 1850 2924 ὁ]

167 2920 196 2977 ἡ
229 2921 388 2966 Vat.v.
531 2927 597 2967 13.
631 2925 730 2982 τῆς]
764 2937 852 2967 om.
887 2938 928 2967 v.
1051 2924 1153 2982 τοῦ]
1187 2937 1274 2968 om.
1307 2923 1430 2980 Vat„
1471 2938 1584 2969 corr.
1618 2924 1667 2968 in
1697 2932 1777 2982 τῆς
1808 2939 1849 2969 v.

1896 3000 1904 3065 fi

1875 3057 1904 3184 *fl
