1904 3184
656 140 1121 184 PROLEGOMENA.
1570 139 1743 185 XXXV

50 259 246 318 praebet
284 259 384 303 cod.
418 258 744 302 Bibliothecae
784 257 1028 314 Gymnasii
1059 257 1343 302 Torunensis
1386 258 1425 301 R
1454 258 1542 302 ΝΟ
1576 264 1601 302 2
1638 260 1739 315 (scr.

51 341 92 372 a.
127 330 257 383 1359,
293 340 338 372 u.
372 325 537 370 Curtze
570 324 792 369 Zeitschr.
828 324 859 369 f.
891 324 1039 369 Math.
1071 338 1116 369 u.
1141 323 1280 381 Phys.
1316 329 1445 381 1868,
1478 324 1570 370 litt.
1595 325 1739 371 Abth.

16 443 20 446 ,
50 409 97 452 p.
113 396 280 451 458q.),
306 392 388 449 qui
411 391 731 436 recensionem
754 390 966 435 continet
990 405 1019 435 a
1041 390 1247 449 genuina
1269 391 1419 435 multo
1438 390 1743 436 diuersiorem

16 508 20 514 ,
50 464 101 506 ct
129 459 478 517 interpolatam.
541 472 599 503 ex
630 472 685 503 eo
719 457 879 502 codice
911 457 988 502 hic
1021 458 1323 516 subiungam‚
1364 472 1484 514 quae
1517 458 1662 503 etiam
1691 458 1742 502 in

23 527 213 577 ,DLC
251 527 312 584 (0
329 549 387 565 =
411 526 512 570 cod.
547 525 692 571 Oxon.
726 524 840 570 0011.
875 524 1008 582 Corp.
1042 525 1145 570 Chr.
1181 527 1284 582 283)
1326 524 1501 582 inueni,
1543 524 1741 569 adiectis
1788 530 1809 562 5

50 595 217 640 horum
239 593 481 651 scripturis
505 591 801 638 uariantibus
825 594 886 650 (p.
906 596 946 649 3,
967 597 1143 637 13—14
1165 592 1311 637 habet
1340 593 1396 637 T:
1430 605 1589 636 omnes
1614 592 1743 636 uisus

49 655 355 718 equeueloces
396 674 518 718 esse,
565 659 647 716 qui
694 659 949 703 secundum
989 659 1179 715 equales
1220 658 1417 716 angulos
1457 658 1742 718 deferuntur,

22 742 145 785 :non
182 732 342 773 autem
380 730 491 772 sunt
529 726 853 784 equeueloces‚
902 725 984 782 qui
1025 725 1280 770 secundum
1319 725 1562 782 inequales
1582 725 1743 771 ¹lineas

11 791 28 828 ³-
50 795 335 841 deferuntur.
408 809 503 839 non
542 794 629 839 sub
669 806 946 850 quocunque
986 793 1160 851 angulo
1200 807 1299 838 rem
1336 792 1502 839 uideri.
1565 793 1676 838 inde
1717 808 1744 838 a

0 879 1 886 ¹
49 875 178 921 prop.
213 866 269 905 28
308 862 460 920 magis
501 862 562 905 ad
593 861 643 905 D
684 858 874 904 adcedjt
916 861 965 903 et
1001 862 1188 916 praeter
1227 859 1617 917 interpolationes
1656 859 1742 904 mi·
1768 865 1811 897 1⁰

49 941 186 974 nores
219 929 417 973 eandem
446 928 765 973 recensionem
794 926 1021 984 praebet).

168 1010 299 1053 prop.
327 1002 374 1041 1:
411 995 609 1040 Nullum
640 994 848 1038 uisorum
879 992 1019 1036 simul
1049 994 1203 1037 totum
1233 992 1434 1038 uidetur.
1497 992 1547 1036 in
1578 993 1744 1038 eodem

36 1062 250 1114 ,instanti
280 1076 376 1107 non
406 1062 558 1107 uideri
588 1061 737 1119 plura.
787 1062 888 1105 esto
921 1059 1076 1104 uisum
1106 1061 1188 1117 ad,
1222 1059 1383 1104 oculus
1408 1074 1519 1105 uero
1545 1062 1583 1106 b.
1637 1059 1742 1104 dico

23 1123 216 1205 ξίςίωτ,
258 1130 386 1205 qumi
422 1143 518 1205 non
557 1127 1148 1203 simul-’comprehendetur
1186 1141 1215 1171 a
1245 1127 1351 1171 uisu
1370 1129 1453 1203 ‘ad
1488 1127 1744 1202 secumlum

27 1209 101 1253 pse
131 1199 298 1242 totum.
362 1197 579 1240 mc1dunt
608 1195 730 1239 radu
763 1196 849 1252 ba,
876 1197 952 1252 bc,
978 1197 1065 1251 bd3
1106 1197 1159 1240 bt
1190 1208 1302 1239 uero
1343 1196 1406 1239 sit
1435 1195 1744 1252 perpenchcu-
1770 1197 1812 1231 15

47 2006 117 2060 «d

49 2058 65 2074 1,

22 2075 143 2200 ’im‘
180 2128 396 2186 partibus
435 2127 644 2172 defertur
682 2129 787 2174 uisu

16 2190 23 2241 l
52 2194 183 2242 nisus
222 2194 414 2251 quidem
452 2194 637 2239 delatus
670 2210 699 2240 a
730 2198 756 2242 b
795 2211 934 2255 super
971 2197 1146 2242 lineam
1178 2200 1245 2244 bd
1283 2197 1421 2242 citius
1453 2197 1601 2242 fertur
1632 2198 1694 2242 ad
1724 2213 1745 2244 e
1769 2209 1814 2242 30

121 2690 133 2701 '
212 2693 275 2738 D.

110 2748 202 2796 ‘tm-

146 2751 235 2856 ..l

253 2765 363 2810 ergo
395 2753 458 2798 D.

29 2863 32 2867 ⁴
236 2824 309 2856 em
341 2812 404 2857 D.

29 2871 32 2923 ἒ
106 2872 188 2916 Ἑό.
218 2869 384 2938 igitur]
417 2884 527 2929 ergo
559 2872 623 2917 D.

153 2930 343 2987 poribus
377 2930 438 2976 D.

497 2816 567 2858 24.
599 2826 684 2870 per
706 2818 746 2859 3.

804 1261 916 1305 laris
949 1275 1088 1318 super
1118 1263 1200 1307 ad.
1262 1260 1486 1318 quoniam
1515 1260 1664 1318 igitur
1693 1261 1745 1304 in

802 1327 1041 1386 triangulo
1097 1331 1203 1374 bed
1258 1328 1458 1386 angulus
1515 1330 1618 1374 bed
1672 1331 1746 1373 est

805 1398 982 1452 rectus,
1015 1395 1106 1440 erit
1135 1409 1220 1452 per
1252 1400 1307 1440 17
1339 1395 1480 1453 primi
1509 1395 1743 1440 maximus

805 1462 1005 1520 angulus
1021 1461 1417 1521 illius·trianguli;
1436 1475 1580 1518 quare
1592 1475 1677 1519 per
1688 1466 1742 1506 19

803 1529 1014 1574 eiusdem
1075 1529 1118 1573 ei
1174 1531 1435 1587 opponetur
1487 1528 1744 1573 maximum
1767 1533 1810 1566 20

802 1596 940 1641 latus.
989 1597 1119 1640 recta
1142 1595 1289 1654 igitur
1311 1595 1439 1639 linea
1463 1597 1530 1641 bd
1559 1595 1745 1653 longior

805 1662 895 1706 erit
932 1664 1062 1706 recta
1100 1661 1227 1707 linea
1260 1665 1330 1708 bc.
1395 1664 1443 1707 et
1474 1662 1639 1707 eadem
1670 1676 1743 1706 ra-

803 1729 933 1774 tione
957 1731 1023 1774 ba
1047 1727 1233 1786 longior
1257 1731 1327 1774 be.
1376 1731 1612 1773 resecetur
1631 1742 1742 1787 ergo

802 1809 886 1853 per
921 1800 961 1840 3.
994 1795 1204 1839 Euclidis
1246 1796 1308 1839 ad
1340 1795 1649 1852 equalitatem
1678 1798 1745 1842 bd

803 1862 995 1919 quidem
1042 1861 1091 1906 in
1128 1865 1304 1920 puncto
1346 1877 1387 1920 e,
1438 1865 1503 1908 ba
1541 1876 1652 1908 uero
1693 1863 1743 1907 in
1768 1867 1812 1900 25

802 1931 978 1987 puncto
1016 1930 1050 1985 f.
1129 1929 1355 1986 quoniam
1397 1929 1544 1988 igitur
1583 1944 1743 1975 omnes

803 1996 933 2040 uisus
961 1996 1239 2053 transpositi
1271 1997 1528 2041 secundum
1552 1997 1743 2053 equales

805 2063 955 2109 lineas
988 2066 1099 2108 sunt
1129 2063 1449 2121 equeueloces‚
1482 2063 1532 2108 in
1564 2064 1743 2120 equali-

790 2146 810 2175 s
851 2131 911 2176 ab
951 2131 1086 2175 oculo
1126 2133 1152 2177 b
1200 2131 1261 2175 ad
1304 2130 1398 2175 tria
1435 2133 1612 2188 puncta
1649 2133 1741 2188 ecf.

33 2276 354 2346 ,hontinentur
384 2290 434 2334 in
465 2290 557 2336 isto
591 2291 726 2338 libro.
777 2293 980 2352 Aimare,
1014 2294 1194 2353 gratias
1227 2308 1328 2352 age,
1363 2293 1475 2349 quia
1506 2294 1594 2338 hoc
1628 2308 1743 2352 opus

53 2348 135 2418 hic·
167 2349 417 2418 glosulasti
465 2350 552 2395 sub
584 2352 812 2409 magistro
851 2354 1058 2398 Iohanne
1101 2355 1158 2398 de
1201 2354 1476 2399 Beaumont.
1552 2353 1745 2410 explicit

21 2393 255 2505 gffihmter
284 2409 406 2454 liber
436 2410 494 2454 de
526 2410 644 2455 uisu.

32 2551 34 2562 .
176 2518 244 2559 12.
278 2512 374 2558 alia
396 2514 660 2561 translatio.
708 2515 890 2560 nullum
921 2516 1129 2561 uisorum
1162 2516 1301 2561 simul
1323 2519 1477 2561 totum
1500 2516 1651 2561 uideri
1680 2517 1742 2563 D.

66 2620 78 2628 ‚⁷
118 2572 201 2618 bet
230 2572 326 2618 alia
356 2573 618 2620 translatio.
671 2574 721 2619 in
754 2575 918 2620 eodem
948 2575 1148 2621 instanti
1178 2591 1274 2621 non
1305 2575 1456 2619 uideri
1487 2576 1625 2633 plura
1655 2577 1751 2623 LO

178 2634 188 2644 ‘
550 2638 619 2680 14.
652 2634 817 2694 igitur]
851 2648 961 2693 ergo
992 2637 1055 2681 D.
1162 2641 1231 2681 15.
1263 2634 1499 2695 incidunt]
1531 2635 1746 2681 incidant

387 2698 454 2739 16.
488 2692 653 2753 igitur]
687 2707 796 2751 ergo
829 2695 892 2740 D.
998 2700 1066 2740 18.
1098 2695 1238 2752 primi
1269 2693 1479 2739 Euclidis
1510 2696 1571 2740 D.
1673 2701 1743 2741 21.

566 2758 637 2798 22.
671 2753 761 2798 erit

812 2756 886 2798 est
915 2754 978 2799 D.
1087 2759 1157 2801 23.
1191 2754 1377 2812 longior
1408 2756 1480 2798 est
1510 2755 1572 2800 D.
1667 2756 1744 2814 bc]

812 2812 1001 2872 uclidis]
1034 2827 1117 2859 om.
1136 2814 1198 2859 D.
1294 2815 1385 2873 bd]
1418 2813 1565 2871 ipsius
1591 2816 1657 2859 bd
1679 2815 1743 2860 D.

762 2877 831 2918 27.
864 2873 1174 2930 transportati
1206 2874 1268 2919 D.
1407 2878 1476 2919 29.
1509 2873 1744 2933 partibus]

562 2936 632 2976 30.
665 2931 875 2991 quidem]
909 2934 1066 2977 autem
1098 2933 1160 2977 D.

1422 3008 1477 3051 c·
