1904 3184
295 101 363 142 IN
393 100 744 142 OPPICORUM
773 101 1203 146 RECENSIONEM
1233 105 1510 149 THEONIS.
1634 105 1743 158 257

30 209 164 274 “tofi
202 222 261 272 Κ
302 217 390 272 ἐπὶ
435 220 496 273 τὸ
534 219 898 289 ὑποκείμενον
938 220 1196 275 ἐπίπεδον
1242 223 1476 286 κάθετος
1521 219 1680 293 ἦκται
1719 226 1752 296 ἡ

31 347 36 351 -
64 311 197 378 KA,
227 306 320 361 καὶ
349 309 488 378 πρὸς
517 308 696 370 πάσας
727 309 834 379 ἄρα
865 310 961 372 τὰς
993 309 1301 380 ἁπτομένας
1332 312 1502 382 αὐτῆς
1532 314 1755 377 εὐθείας

13 439 16 457 ,
53 396 156 453 καὶ
203 398 373 460 οὔσας
427 396 487 450 ἐν
531 405 607 470 τῷ
654 397 995 471 ὑποκειμένῳ
1044 398 1280 473 ἐπιπέδῳ
1328 400 1362 469 ἡ
1410 399 1525 454 ΚΑ
1579 402 1756 495 ὀρθὰς

13 487 282 558 [ποιήσει
319 489 538 554 γωνίας.
614 485 729 540 ἐπεὶ
769 483 872 540 οὗν
911 486 999 540 ἐπὶ
1038 490 1139 557 τὴν
1181 493 1288 542 ΖΛ
1324 490 1560 553 καθετος
1597 486 1755 559 ἦκται

12 594 15 622 ¹
63 575 99 644 ἡ
137 579 291 644 ΑΜ,
336 574 428 628 καὶ
465 576 604 646 πρὸς
642 576 744 644 τὴν
782 579 920 628 AM
949 576 982 645 ἡ
1022 579 1137 629 ΚΑ
1174 577 1357 649 ὀρθὴν
1395 580 1611 647 ποιήσει
1650 599 1755 647 γω-
1817 592 1845 631 5

12 643 47 739 f
43 664 208 716 vvt'ocv.
271 663 577 732 ἐπεζεύχθω
619 662 725 717 ἀπὸ
765 671 864 717 τοῦ
896 670 950 717 A
987 663 1079 717 καὶ
1119 664 1205 718 ἐπὶ
1238 667 1298 719 τὸ
1332 670 1383 719 Λ
1421 666 1454 735 ἡ
1488 671 1624 720 AA·
1663 667 1756 721 καὶ

12 783 16 836 ᾗ
62 753 202 822 πρὸς
240 754 347 822 ἄρα
382 754 485 822 τὴν
515 757 570 805 A
580 755 632 805 A
670 752 703 821 ἡ
737 756 858 806 AK
892 753 1075 824 ὀρθὴν
1104 756 1321 823 ποιήσει
1352 758 1577 824 γωνίαν.
1641 755 1756 810 ἐπεὶ

12 837 15 841 ’
65 838 169 896 οὖν
206 843 482 911 τρίγωνόν
517 840 667 895 ἐστιν
706 841 1059 913 ὀρθογώνιον
1097 844 1158 896 τὸ
1191 847 1367 897 ΚΑΛ
1405 844 1588 916 ὀρθὴν
1627 847 1755 915 ἔχον

13 931 166 999 τὴν
211 930 319 984 ὑπὸ
368 933 546 983 ΚΑΛ
591 934 827 1000 γωνίαν,
881 933 943 985 τὸ
998 933 1105 1003 ἄρα
1159 932 1264 986 ἀπὸ
1311 941 1406 1002 τῆς
1452 937 1567 987 ΚΛ
1619 934 1754 988 ὑπο-

62 1020 351 1088 τεινούσης
396 1021 498 1089 τὴν
536 1019 720 1090 ὀρθὴν
758 1023 970 1088 γωνίαν
1018 1026 1142 1074 ἴσον
1181 1020 1294 1075 ἐστὶ
1339 1033 1456 1085 τοῖς
1495 1022 1601 1077 ἀπὸ
1641 1034 1753 1078 τῶν
1786 1035 1842 1075 10

12 1092 15 1180 J
60 1110 196 1177 KA,
227 1112 355 1162 AA.
430 1109 599 1163 πάλιν
637 1108 751 1163 ἐπεὶ
790 1113 1065 1180 τρίγωνόν
1104 1110 1254 1164 ἐστιν
1300 1111 1653 1183 ὀρθογώνιον
1690 1113 1752 1165 τὸ

13 1184 15 1196 ¹
62 1202 119 1252 A
129 1201 200 1251 M
201 1202 253 1250 A
283 1198 466 1269 ὀρθὴν
497 1201 623 1268 ἔχον
655 1201 757 1268 τὴν
787 1199 895 1253 ὑπὸ
928 1205 982 1253 A
991 1204 1065 1253 M
1066 1204 1118 1253 A
1148 1204 1375 1270 γωνίαν,
1415 1202 1475 1255 τὸ
1508 1203 1615 1274 ἄρα
1647 1202 1752 1255 ἀπὸ

13 1300 15 1346 2
62 1295 160 1356 τῆς
197 1291 312 1340 AA
359 1293 483 1341 ἴσον
528 1286 643 1341 ἐστὶ
687 1299 803 1351 τοῖς
849 1289 955 1343 ἀπὸ
994 1298 1107 1343 τῶν
1145 1294 1295 1359 AM,
1327 1294 1467 1344 MA.
1544 1292 1606 1345 τὸ
1646 1293 1753 1363 ἄρα

12 1352 15 1410 ἶ
44 1375 169 1430 ρἀὸ
208 1385 304 1447 τῆς
342 1380 456 1430 ΚΛ
495 1382 618 1430 ἴσον
658 1376 771 1430 ἐστὶ
811 1388 926 1441 τοῖς
964 1378 1069 1432 ἀπὸ
1110 1388 1220 1432 τῶν
1259 1382 1398 1449 ΚΑ,
1430 1384 1579 1450 AM,
1612 1384 1752 1434 MA.

12 1473 15 1494 ¹
47 1463 203 1520 ’ἀλλὰ
246 1476 363 1530 τοῖς
409 1466 514 1520 ἀπὸ
562 1476 675 1520 τῶν
713 1470 852 1536 KA,
890 1472 1027 1520 AM
1066 1473 1189 1521 ἴσον
1237 1466 1351 1522 ἐστὶ
1396 1470 1457 1523 τὸ
1505 1469 1610 1522 ἀπὸ
1657 1476 1753 1539 τῆς
1788 1481 1840 1521 15

12 1565 16 1623 (
65 1556 215 1609 ΚΜ·
255 1559 530 1626 τρίγωνον
561 1576 667 1627 γαρ
698 1556 847 1610 ἐστιν
880 1556 1232 1627 ὀρθογώνιον
1263 1558 1324 1611 τὸ
1350 1561 1465 1611 ΚΑ
1474 1562 1548 1611 Μ
1570 1558 1752 1629 ὀρθὴν

13 1639 16 1677 ³
64 1644 191 1712 ἔχον
235 1645 337 1713 τὴν
381 1644 490 1698 ὑπὸ
537 1648 736 1698 ΚΑΜ
772 1648 998 1713 γωνίαν.
1089 1646 1151 1698 τὸ
1199 1647 1305 1716 ἄρα
1351 1645 1456 1699 ἀπὸ
1504 1653 1600 1715 τῆς
1638 1650 1752 1700 ΚΛ

12 1749 16 1778 ³
64 1735 188 1786 ἴσον
227 1731 340 1786 ἐστὶ
378 1743 494 1796 τοῖς
526 1733 631 1787 ἀπὸ
663 1743 776 1788 τῶν
807 1737 951 1803 ΚΜ,
976 1738 1120 1804 MA,
1159 1733 1250 1787 καὶ
1292 1735 1384 1787 διὰ
1422 1736 1483 1788 τὸ
1523 1734 1618 1804 μη’
1651 1743 1750 1789 τοῦ

13 1873 16 1888 ,
55 1822 284 1892 πρώτου
315 1833 427 1876 τῶν
455 1827 760 1893 Στοιχείων
783 1823 816 1892 ἡ
840 1823 949 1877 ὑπὸ
975 1827 1111 1877 ΚΜ
1111 1827 1162 1876 Λ
1194 1826 1369 1892 γωνία
1400 1824 1547 1896 ὀρθή
1579 1824 1750 1878 ἐστιν·

16 1969 19 1990 ¹
62 1909 195 1981 ὅπερ
234 1912 344 1965 ἔδει
384 1911 571 1976 δεῖξαι.
1782 1925 1840 1965 20

14 2005 15 2047 Ῐ
177 2016 258 2068 19.
328 2020 553 2082 Μείζων
605 2018 712 2127 ἄρα
764 2016 857 2071 καὶ
910 2021 1084 2086 γωνία
1145 2017 1178 2086 ἡ
1233 2018 1341 2071 ὑπὸ
1396 2020 1583 2071 ΜΚΛ
1636 2022 1749 2071 κτλ.

13 2069 16 2110 Ι
55 2082 116 2175 ¹1).
148 2103 269 2174 162,
301 2104 364 2174 9]
406 2125 490 2159 οτι
531 2103 591 2159 δε
630 2106 663 2176 ἡ
702 2106 811 2160 ὑπὸ
844 2110 1032 2160 ΜΚΛ
1070 2114 1165 2176 τῆς
1202 2106 1310 2160 ὑπὸ
1343 2106 1523 2166 ΞΚΝ
1553 2108 1750 2175 μείζων

16 2188 238 2262 ἐστίν,
284 2193 534 2264 δείξομεν
578 2202 778 2248 τοῦτον
823 2196 921 2249 τὸν
959 2198 1188 2267 τρόπον·
1245 2194 1358 2248 ἐπεὶ
1397 2195 1750 2265 ὀρθογώνιον

16 2274 19 2306 '
66 2277 179 2335 ἐστι
224 2286 497 2352 τρίγωνον
542 2285 604 2337 τὸ
644 2287 842 2338 KAM
879 2284 1061 2355 ὀρθὴν
1108 2287 1233 2354 ἔχον
1262 2286 1375 2353 ’τὴν
1413 2283 1520 2337 ὑπὸ
1562 2287 1754 2338 KAM

15 2390 19 2435 g
65 2372 289 2440 γωνίαν,
328 2371 475 2436 ὀξεῖα
508 2372 659 2426 ἐστιν
689 2373 722 2442 ἡ
753 2373 861 2427 ὑπὸ
894 2376 1104 2427 KMA·
1146 2374 1283 2426 ὥστε
1315 2372 1543 2442 ἀμβλεῖα
1574 2372 1607 2441 ἡ
1640 2372 1747 2427 ὑπὸ
1779 2384 1836 2424 25

66 2456 256 2519 ΚΜΞ.
326 2460 716 2531 ἀμβλυγωνίου
756 2459 859 2516 οὖν
898 2463 1174 2533 τριγώνου
1214 2470 1313 2515 τοῦ
1352 2461 1541 2522 ΚΞΜ
1570 2461 1602 2530 ἡ
1639 2465 1694 2514 Κ
1701 2461 1751 2523 Ξ

183 2595 251 2635 19
283 2592 363 2648 Rq
395 2593 479 2649 (Μ’
492 2593 698 2650 AFrsu,
732 2594 839 2638 Vat.
872 2608 931 2638 m.
965 2596 1022 2651 2).

73 2758 83 2767 .
183 2730 223 2770 9.
255 2726 366 2785 ὑπό]
400 2740 513 2771 corr.
540 2740 596 2770 ex
620 2726 714 2770 ἀπό
747 2727 801 2771 R.
896 2727 996 2784 τῆς]
1028 2733 1110 2770 τοῦ
1135 2726 1188 2770 Β.
1284 2729 1327 2769 Κ
1335 2727 1393 2784 Λ]
1427 2729 1471 2768 Κ
1500 2739 1524 2770 e
1551 2739 1663 2770 corr.
1690 2725 1743 2771 R.

125 2783 194 2829 12.
226 2785 535 2845 AMA(a1t)]
567 2801 617 2842 q,
653 2789 798 2830 MAA
830 2733 1266 2843 ΒΜῆ14.τῆς]
1300 2799 1352 2841 q,
1385 2791 1466 2829 τοῦ
1499 2784 1551 2828 Β.
1677 2789 1742 2829 17.

18 2858 21 2869 ’
66 2841 167 2950 m]
196 2851 278 2888 τοῦ
308 2845 361 2890 Β.
467 2848 534 2889 18.
569 2802 617 2889 K
734 2850 820 2889 KA
852 2845 907 2889 R.
1014 2849 1083 2889 23.
1117 2851 1283 2889 τοῦτον
1315 2844 1396 2888 τὸν
1427 2843 1620 2903 τρόπον]
1653 2844 1743 2900 Rr3

149 2918 209 2953 ως
239 2918 282 2959 q.
402 2908 472 2949 24
504 2902 672 2962 τρίγων
703 2922 729 2949 ν
764 2904 856 2948 ἐστι
887 2920 930 2960 q.
1053 2908 1123 2948 26.
1158 2904 1339 2962 ΚΞΜ]
1376 2906 1533 2951 ΚΜΞ
1560 2918 1601 2959 q.

72 2983 79 2994 ·
150 2982 327 3019 Buend
343 2995 409 3029 es,
437 2987 521 3020 edd.
545 2987 719 3028 Heiberg
743 2989 780 3019 ot
802 2988 950 3028 Mengo.
987 2988 1074 3019 vn.
1423 2981 1477 3020 17
