1904 3184
398 79 750 123 emmonim
778 67 1076 123 RECENSIO
1107 79 1384 122 THEONIS.
1628 77 1734 130 185

49 205 179 256 AN
223 200 433 254 eadent.
522 217 710 253 rursus
762 198 934 269 igitur
985 203 1041 251 A
1096 198 1284 252 oculus
1339 198 1407 250 ad
1460 201 1510 250 P
1563 201 1735 252 trans·

48 293 306 361 ponatur,
358 293 414 342 ei:
459 288 662 342 circum
701 290 815 340 PK
856 287 1089 340 circulus
1137 287 1496 355 describatur,
1543 286 1736 338 ducan-

49 384 244 448 turque
282 381 399 448 ΡΖ,
438 381 570 447 ΖΚ,
615 380 736 446 ΡΣ,
774 379 901 429 ΣΚ.
977 375 1161 444 itaque
1209 379 1334 445 ΡΖ,
1372 378 1483 427 ΡΣ
1521 374 1580 427 in
1625 393 1732 427 uno

48 471 251 540 puncto
294 468 580 538 sphaeram
619 466 964 536 confingunt,
1012 469 1067 518 et
1114 465 1206 534 qui
1253 465 1320 518 ab
1360 468 1411 517 P
1451 464 1606 518 oculo
1649 464 1735 516 ad-

50 557 235 612 cidunt
265 556 418 626 radii,
454 575 551 626 per
583 559 698 626 ΡΖ,
729 558 838 607 ΡΣ
872 555 1077 608 eadenss.
1141 571 1304 623 quare
1344 554 1411 606 ab
1452 553 1651 624 angulo
1691 556 1741 605 P

0 647 1 650 ’
51 646 287 701 cernitur
312 650 434 715 ΖΣ,
459 664 491 698 a
513 650 569 698 A
592 648 773 698 autem
797 647 995 714 NZA3
1029 647 1112 695 est
1135 647 1318 696 autem
1341 645 1590 703 NZA>
1611 645 1732 695 ΖΣ.

49 735 264 788 uidetur
301 738 484 787 autem
519 734 697 787 minus
738 751 878 803 esse3
915 751 1043 785 nam
1082 737 1116 795 L
1141 736 1262 792 P>
1287 737 1358 802 A,
1397 735 1451 785 eb
1489 749 1624 801 quae
1665 731 1733 784 ab

0 823 249 894 'angulo
304 823 508 876 maiore
561 826 879 894 cernuntur,
931 821 1138 874 maiora
1189 821 1448 891 adparent
1495 820 1619 890 [def.
1659 819 1735 889 4].

49 930 180 984 ergo
231 916 346 966 ΖΣ
385 911 560 965 maius
606 911 821 964 uidessur
859 928 975 964 esse
1023 929 1186 979 quam
1224 914 1288 963 N
1293 913 1423 980 ΖΛ,
1476 913 1560 963 est
1603 926 1733 962 uero

34 1001 242 1055 'minua

849 1088 935 1142 25.

161 1177 271 1233 Ubi
304 1179 534 1250 sphaera
564 1178 830 1231 ambobus
863 1176 1033 1231 oeulis
1067 1176 1319 1247 cernitur,
1359 1176 1405 1230 si
1441 1176 1734 1230 diametrus

35 1268 309 1340 *sphaerae
346 1272 539 1339 rectae,
579 1286 743 1338 quam
783 1266 925 1320 oculi
963 1267 1106 1319 inter
1142 1284 1197 1319 se
1238 1265 1458 1336 disbanb,
1496 1265 1734 1336 aequalis

3 1346 6 1371 ⁸
803 1358 902 1426 est,
937 1354 1397 1424 hemisphaerium
1437 1357 1697 1408 eernessur.

903 1444 976 1498 sit
1047 1444 1192 1498 enim
1261 1444 1512 1514 sphaera,
1581 1443 1732 1496 cuius

801 1534 1097 1587 diametrus
1146 1533 1218 1586 sit
1255 1535 1381 1602 ΒΓ,
1437 1536 1491 1586 et
1531 1551 1562 1586 a
1600 1535 1665 1603 Β,
1690 1534 1743 1585 Γ

794 1623 1264 1693 perpendiculares
1309 1623 1574 1675 ducantur
1614 1625 1734 1692 ΒΖ,

671 1685 719 1734 Γ
799 1715 912 1782 ΓΛ,
943 1716 997 1766 ei:
1022 1732 1053 1766 a
1079 1716 1124 1765 Z
1148 1715 1326 1765 rectae
1344 1713 1456 1764 ΒΓ
1477 1710 1734 1781 parallela

800 1802 1027 1855 ducatur
1076 1804 1207 1871 ΖΛ,
1261 1803 1315 1852 eb
1363 1800 1500 1852 alter
1547 1800 1733 1854 oculus

797 1891 857 1944 in
896 1895 955 1961 Ζ,
996 1891 1134 1944 alter
1170 1890 1230 1943 in
1261 1893 1313 1942 A
1345 1889 1664 1959 collooessur,
1704 1908 1735 1942 a

723 2016 728 2022 ,
798 1984 984 2034 centro
1040 1983 1221 2033 autem
1280 1983 1335 2031 A
1395 1982 1573 2032 rectae
1621 1982 1668 2031 Β
1688 1981 1733 2030 Ζ

796 2069 1057 2139 parallela
1095 2069 1324 2123 dueatur
1355 2070 1488 2122 ΔΚ.
1549 2067 1734 2135 itaque

800 2157 846 2211 si
922 2162 1173 2212 manente
1245 2162 1301 2211 A
1317 2160 1374 2210 Κ
1454 2155 1735 2226 parallelo-

0 2239 6 2302 <
62 2252 102 2296 Ζ
344 2260 409 2308 Κ
650 2255 697 2305 Λ
801 2264 1105 2317 grammum
1183 2250 1231 2300 B
1250 2249 1307 2299 K
1383 2244 1736 2306 circumuolu-

199 2400 203 2405 ¹
803 2339 922 2389 tum
960 2354 1146 2389 rursus
1187 2336 1254 2389 ad
1294 2335 1520 2388 eundem
1554 2333 1735 2386 locum

3 2415 7 2469 ἰ
52 2419 383 2493 restissuitur,
430 2422 570 2476 unde
609 2423 750 2477 ferri·
778 2428 1029 2494 coeptum
1068 2428 1174 2494 est,
1220 2425 1394 2495 figura
1433 2443 1464 2476 a
1501 2425 1614 2475 BA
1654 2422 1738 2475 de-

3 2526 6 2545 ¹
55 2508 255 2579 scripta
300 2512 533 2566 circulus
582 2513 707 2583 erit,
755 2513 847 2582 qui
893 2532 990 2583 per
1036 2517 1281 2567 centrum
1321 2512 1577 2581 sphaerae
1617 2528 1736 2580 pro-

39 1619 144 1727 ;

2 1816 6 1922 1

57 2641 110 2684 Ν
118 2643 173 2698 Ζ,
205 2642 311 2688 add.
345 2645 436 2687 ΣΛ
467 2659 526 2688 m.
562 2650 608 2701 2,
642 2659 685 2700 p.
811 2643 932 2690 ἔστιν
963 2644 1056 2689 Vv.
1203 2649 1272 2689 20.
1307 2644 1456 2699 Supra
1486 2639 1616 2698 παρά
1649 2654 1732 2687 scr.

53 2696 157 2756 ἤτοι
187 2701 476 2760 παράλληλος
514 2719 573 2748 m.
607 2718 695 2748 ree.
729 2703 783 2747 V.
938 2706 1029 2747 ΒΓ
1088 2705 1196 2760 post
1229 2707 1262 2746 Β
1295 2717 1383 2747 ras,
1416 2702 1472 2747 V.
1629 2702 1733 2760 ΖΛ]

56 2769 168 2804 eon-2
187 2773 243 2805 ex
265 2764 342 2806 ZA
357 2777 416 2807 m.
435 2777 524 2808 ree.
542 2763 597 2807 V.
639 2767 649 2773 ”
691 2768 760 2807 21.
788 2768 830 2806 A
848 2704 1061 2820 κέντρου]]
1087 2761 1279 2817 κέντρου
1297 2767 1398 2819 Ap.
1491 2766 1561 2805 22.
1588 2759 1736 2817 Supra

54 2817 184 2874 wod
214 2834 297 2866 scr.
329 2821 619 2879 παράλληλος
650 2838 708 2867 m.
742 2835 830 2867 ree.
864 2822 918 2867 V.
1013 2820 1116 2881 ἐάν]
1151 2820 1198 2865 in
1230 2836 1319 2866 ras.
1353 2836 1411 2866 m.
1449 2826 1469 2864 1
1505 2820 1559 2865 V.
1661 2823 1730 2864 26.

55 2870 108 2937 βε
136 2879 206 2938 γε]
237 2896 261 2931 ς
290 2883 339 2925 et.
368 2898 396 2938 y
426 2880 475 2925 in
506 2896 595 2927 ras.
629 2897 687 2927 m.
724 2887 745 2925 1
781 2882 835 2926 V.
958 2879 1090 2939 ὥστε]
1124 2879 1180 2924 ὤ-
1214 2880 1262 2926 in
1295 2895 1382 2925 ras.
1416 2895 1474 2924 m.
1511 2885 1532 2923 1
1567 2878 1622 2923 V.
