1904 3184
160 115 268 168 150
508 116 859 158 OPTICORUM
888 117 1184 160 RECENSIO
1218 117 1495 160 THEONIS.

156 239 241 300 τίς
279 235 311 304 ἡ
352 237 499 289 αἰτία
539 238 809 305 γίγνεται,
856 235 933 289 δι’
967 236 1039 305 ἣν
1078 237 1178 306 οὐχ
1218 237 1323 308 ὁρᾷ
1368 237 1397 290 ὅ
1436 256 1492 289 τε
1534 239 1707 305 ζητῶν
1745 238 1847 305 τὴν

155 327 394 394 βελόνην
424 323 515 378 καὶ
548 325 576 379 ὁ
611 333 687 397 τῷ
720 327 917 398 βιβλίῳ
951 325 1210 391 ἀτενίζων
1240 325 1420 378 πάντα
1443 326 1510 378 τὰ
1534 326 1846 395 γράμματας

155 417 392 486 πότερόν
429 433 560 467 ποτε
607 414 700 467 διὰ
748 415 808 467 τὸ
847 418 1268 486 μετεωρίζεσθαι
1307 422 1372 484 τῇ
1413 415 1655 486 διανοίᾳ;
1720 413 1841 468 ἀλλ’

159 501 325 557 οὐδὲν
363 499 530 572 ἧττον
562 502 990 573 ἐπιλογιζόμενοι
1023 507 1242 573 ζητοῦσι
1281 502 1373 556 καὶ
1406 503 1710 573 ὁλοσχερῶς
1746 503 1846 573 οὐχ

98 603 125 643 5
158 593 501 664 εὑρίσκουσι,
551 593 816 656 πολλάκις
864 590 925 646 δὲ
963 593 1285 663 ὁμιλοῦντες
1324 591 1528 663 ἑτέροις
1565 590 1657 645 καὶ
1695 610 1846 662 περι-

157 683 434 751 σπώμενοι
467 690 532 753 τῇ
558 683 780 754 διανοίᾳ
804 682 1120 753 εὑρίσκουσι
1154 688 1377 736 θᾶττον.
1425 681 1545 735 ἀλλ’
1575 682 1642 735 οὐ
1666 682 1846 735 πάντα

156 771 224 823 τὰ
263 772 464 824 εἴδωλα
502 773 831 842 εἰσκρίνεται
878 774 957 835 εἰς
1002 774 1103 841 τὴν
1150 772 1369 841 ὅρασιν;
1445 770 1536 824 καὶ
1579 775 1661 834 τίς
1700 773 1847 824 αἰτία

156 866 257 912 τοῦ
313 859 768 931 ἀποκληροῦσθαι
825 862 892 914 τὰ
945 863 1354 931 εἰσκρινόμενα;
1437 860 1528 914 καὶ
1583 862 1692 930 μὴν
1745 862 1846 930 τὴν

157 949 334 1017 φύσιν
373 952 575 1019 ἔφασκε
620 951 759 1003 κατὰ
804 952 871 1003 τὰ
910 954 1017 1016 ζῶα
1063 952 1130 1003 τὰ
1175 948 1276 1020 μὲν
1317 960 1428 1004 τῶν
1467 952 1847 1020 αἰσθητηρίων
1886 947 1887 950 '

69 1047 127 1088 10
159 1038 299 1108 πρὸς
320 1037 604 1109 ὑποδοχὴν
636 1040 836 1093 εὔθετα
859 1038 1332 1107 κατεσκευακέναι,
1361 1040 1427 1092 τὰ
1452 1036 1511 1092 δὲ
1536 1041 1623 1109 μή.
1676 1038 1847 1108 ἀκοὴν
1887 1106 1889 1111 .

155 1123 257 1196 μὲν
297 1128 402 1198 γὰρ
441 1126 532 1180 καὶ
572 1134 764 1195 γεῦσιν
810 1127 901 1181 καὶ
940 1127 1220 1198 ὄσφρησιν
1256 1132 1415 1182 κοῖλα
1452 1129 1847 1181 κατεσκεύακεν

158 1215 314 1279 ἐντὸς
344 1217 419 1279 ὡς
450 1215 659 1281 ἔξωθεν
690 1217 882 1280 αὐταῖς
912 1221 1276 1287 προσπίπτειν
1300 1219 1524 1287 σώματα
1547 1219 1846 1286 κινήσοντα

157 1306 255 1368 τὰς
308 1307 596 1375 αἰσθήσεις
650 1307 865 1370 ταύτας.
959 1306 1094 1377 ἀκοῇ
1150 1303 1251 1375 μὲν
1303 1307 1408 1376 γὰρ
1464 1307 1623 1375 φωνὴ
1677 1319 1845 1374 προσ-

154 1397 433 1448 πίπτουσα
471 1397 643 1448 τόπον
683 1394 993 1464 έπιτήδειον
1031 1397 1267 1465 ὤφειλεν
1306 1395 1582 1465 εὑρίσκειν
1619 1395 1758 1466 πρὸς
1785 1396 1846 1448 τὸ

71 1493 125 1534 15
158 1482 445 1553 ἀναμεῖναι
491 1483 583 1537 καὶ
629 1486 702 1555 μὴ
748 1486 885 1538 κατὰ
924 1487 1025 1554 τὴν
1063 1487 1419 1555 πρόσπτωσιν
1464 1483 1675 1548 εὐθέως
1715 1483 1846 1537 ἀπο-

155 1576 468 1627 παλθεῖσαν
506 1574 608 1641 τήν
639 1593 696 1627 τε
735 1578 1003 1642 αἴσθησιν
1035 1573 1297 1642 ἀκίνητον
1329 1573 1724 1642 διαφυλάττειν
1755 1571 1847 1626 καὶ

155 1662 258 1730 τὴν
313 1661 718 1733 ἐπιφερομένην
778 1661 1002 1732 συγχέαι
1066 1664 1276 1732 φωνήν.
1377 1662 1578 1732 ὁμοίως
1633 1659 1692 1715 δὲ
1755 1660 1845 1715 καὶ

156 1748 456 1822 ὄσφρησιν·
520 1750 608 1805 ἐπὶ
662 1749 763 1822 μὲν
816 1753 920 1822 γὰρ
975 1753 1212 1820 γεύσεως
1265 1755 1323 1805 τί
1365 1753 1453 1805 δεῖ
1503 1750 1594 1805 καὶ
1643 1751 1882 1825 λέγειν;Ι

157 1839 246 1893 διὸ
287 1838 379 1893 καὶ
418 1841 653 1910 μάλιστά
691 1860 807 1904 πως
845 1838 1006 1895 αὗται
1047 1843 1109 1894 αἰ
1135 1843 1424 1910 αἰσθήσεις
1453 1844 1639 1895 κοῖλαί
1665 1861 1721 1894 τε
1754 1839 1845 1894 καὶ

67 1939 124 1978 20
157 1927 493 2000 ἀντροειδεῖς
515 1931 1035 2000 κατεσκευάσθησαν
1065 1932 1204 2001 πρὸς
1225 1932 1288 1984 τὸ
1313 1929 1563 2000 ἐμμένειν
1586 1931 1653 1983 τὰ
1675 1943 1844 2000 προσ-

154 2020 425 2072 πίπτοντα
463 2019 687 2089 σώματα
724 2023 983 2083 πλείονας
1022 2022 1271 2090 χρόνους.
1332 2018 1425 2072 καὶ
1457 2018 1542 2073 ἐπὶ
1582 2026 1679 2088 τῆς
1716 2018 1844 2089 ὁρά-

157 2119 295 2170 σεως
333 2104 452 2176 οὗν,
491 2112 641 2179 εἴπερ
674 2108 883 2173 ἔξωθεν
914 2109 1053 2180 αὐτῇ
1085 2108 1419 2180 προσέπιπτε
1450 2110 1517 2161 τὰ
1547 2110 1845 2177 κινήσοντα

155 2195 331 2265 αὐτὴν
362 2194 602 2266 σώματα,
634 2195 725 2250 καὶ
757 2199 830 2267 μὴ
863 2197 999 2267 αὐτὴ
1041 2195 1393 2262 ε’ξαπέστελλέ
1420 2217 1474 2250 τι
1506 2195 1603 2266 ἀφ’
1632 2195 1844 2266 ἑαυτῆς,
1891 2229 1895 2242 ι

1870 2246 1904 2471 3

155 2284 267 2338 ἔδει
305 2287 407 2355 τὴν
437 2287 781 2356 κατασκευὴν
811 2287 980 2356 αὐτῆς
1009 2290 1204 2355 κοίλην
1235 2306 1293 2340 τε
1323 2285 1415 2340 καὶ
1446 2287 1681 2340 εὔθετον
1707 2286 1846 2357 πρὸς

67 2383 123 2423 25
154 2373 439 2444 ὑποδοχὴν
476 2384 588 2428 τῶν
618 2378 1078 2445 προσπιπτόντων
1119 2375 1388 2445 σωμάτων
1419 2370 1583 2428 εἶναι·
1622 2373 1752 2428 νυνὶ
1784 2371 1845 2427 δὲ

1893 165 1904 291 3

1896 312 1904 359 ἐ

153 2468 448 2534 θεωρεῖται
486 2471 650 2518 τοῦτο
697 2464 798 2534 οὐχ
837 2465 1012 2527 οὕτως
1051 2467 1201 2534 ἔχον,
1249 2463 1387 2517 ἀλλὰ
1425 2467 1637 2533 μᾶλλον
1679 2477 1843 2532 σφαι·
1868 2407 1904 2530 ³53

154 2553 373 2621 ροειδὴς
412 2549 550 2607 οὖσα
589 2559 879 2622 θεωρεῖται
919 2553 951 2622 ἡ
994 2554 1199 2624 ὅρασις.

278 2748 316 2787 1.
349 2741 526 2800 γίνεται
548 2758 593 2800 p.
687 2748 726 2787 5.
762 2743 1036 2799 εὑρήσκουσι
1059 2759 1101 2799 v,
1128 2743 1211 2787 sed.
1227 2757 1340 2787 corr.
1435 2747 1474 2787 6.
1502 2742 1775 2798 εὑρήσκουσι
1798 2755 1842 2797 v,
1862 2749 1880 2812 3

157 2802 240 2845 sed
272 2816 386 2847 corr.
531 2809 569 2847 9.
607 2802 808 2859 ἔφασκεν
840 2803 935 2859 Vp.
1069 2800 1128 2846 τά
1152 2806 1234 2859 (pr.
1238 2803 1274 2861 )]
1306 2801 1357 2846 τό
1388 2802 1443 2846 V.
1598 2806 1666 2845 10.
1700 2816 1844 2845 κατα-

158 2860 436 2907 σκευακέναι
466 2877 508 2918 v,
543 2864 590 2906 eb
620 2862 675 2918 V,
710 2862 792 2906 sed
823 2877 937 2906 corr
962 2877 1021 2906 m.
1047 2875 1135 2906 reo.
1259 2866 1328 2906 11
1362 2859 1467 2920 μέν]
1501 2875 1588 2905 om.
1614 2875 1655 2904 v.
1773 2863 1845 2905 12.
1868 2903 1873 2906 .

159 2919 327 2974 ἔξοθεν
358 2937 401 2978 v,
442 2935 555 2965 corr.
584 2936 642 2966 m.
670 2926 710 2965 2.
857 2926 925 2965 14.
961 2921 1199 2977 ἐπιτήδιον
1231 2921 1286 2965 V.
1426 2925 1493 2964 15.
1526 2921 1768 2976 ἀναμῆναι
1798 2933 1869 2974 v,¹
