1904 3184
81 1037 137 1077 10

88 1483 143 1523 15

87 1930 145 1971 20

91 2374 148 2415 25

164 98 269 152 148
511 101 863 144 OPTICORUM
894 101 1190 144 RECENSIO
1222 103 1498 146 THEONIS.

161 216 279 274 εἶτα
309 219 497 290 μέντοι
522 240 583 289 γε
613 221 850 291 ὕστερον
882 219 1269 290 ἐπιβάλλοντες
1298 223 1400 291 τὴν
1424 221 1559 286 ὄψιν
1582 230 1658 294 τῷ
1685 223 1853 294 τόπῳ,

163 309 225 363 ἐν
264 304 411 382 ᾇπερ
458 305 528 377 ἦν
566 311 629 363 τὸ
668 310 972 380 σωμάτιον,
1018 306 1172 364 εἶδον
1214 313 1316 381 τὴν
1354 314 1604 381 βελόνην.
1683 311 1856 379 δῆλον

165 396 286 468 οὗν,
327 400 418 467 ὡς,
458 400 547 453 ὅτε
586 399 687 468 οὐχ
728 397 935 470 ἑωρᾶτο
974 401 1036 453 τὸ
1076 398 1487 471 έξερριμμένον,
1526 397 1657 454 οὐδὲ
1697 400 1726 454 ὁ
1766 403 1856 453 τό-

163 507 290 558 πος,
347 488 407 542 ἐν
446 482 491 561 ᾦ
528 483 622 556 ἦν,
678 486 909 559 ἑωρᾶτο·
965 489 1102 542 ὥστε
1149 497 1249 542 τοῦ
1286 488 1396 543 ὑπὸ
1443 490 1546 559 τὴν
1584 488 1718 553 ὄψιν
1756 496 1855 542 τοῦ

166 581 459 647 ζητοῦντος
512 575 766 647 κειμένου
813 580 985 632 τόπου
1040 579 1113 648 μὴ
1161 579 1375 631 ἅπαντα
1421 579 1487 631 τὰ
1533 577 1668 649 μέρη
1713 583 1857 632 θεω-
1900 578 1904 619 i

166 673 405 738 ρεῖσθαι.
474 668 526 720 εἰ
561 667 666 738 γὰρ
707 666 1016 738 ἐθεωρεῖτο,
1055 666 1147 721 καὶ
1184 669 1248 722 τὸ
1289 669 1622 738 ζητούμενον
1660 666 1730 720 ἄν
1762 665 1859 720 ἑω-
1900 703 1904 746 3

167 765 324 828 ρᾶτο·
380 755 482 826 οὐχ
529 754 737 827 ἑωρᾶτο
785 755 862 811 δέ.
948 756 1041 811 ε’πί
1083 777 1140 811 τε
1185 767 1298 810 τῶν
1345 756 1706 822 ἀτενιζόντων
1744 766 1860 819 τοῖς
1898 757 1904 774 ”

166 849 406 916 βιβλίοις
459 846 858 916 συνιστάμενος
911 848 1114 916 ἔφασκε
1167 843 1304 916 μηδὲ
1358 847 1592 909 τούτους
1645 845 1715 900 ἂν
1763 846 1894 921 δύ-Ᾰ

167 941 377 989 νασθαι
415 935 594 989 πάντα
632 935 700 988 τὰ
739 934 799 989 έν
837 943 902 1006 τῇ
942 937 1117 990 σελίδι
1149 936 1439 1007 γράμματα
1471 935 1624 1006 ὁρᾶν.
1685 936 1862 989 πολλὰ

169 1032 310 1094 γοῦν
350 1023 824 1095 ἀναγκαζομένους
863 1023 1036 1089 δεῖξαι
1074 1034 1187 1078 τῶν
1218 1028 1464 1089 σπανίως
1494 1022 1862 1096 γραφομένων

169 1113 506 1185 γραμμάτων
544 1115 616 1183 μὴ
658 1115 938 1167 δύνασθαι
979 1113 1152 1178 δεῖξαι
1193 1115 1286 1167 διὰ
1317 1115 1379 1168 τὸ
1410 1116 1483 1184 μὴ
1515 1115 1654 1184 πρὸς
1683 1114 1862 1167 πάντα

170 1203 237 1256 τὰ
268 1202 558 1272 γράμματα
589 1202 686 1265 τὰς
717 1200 872 1266 ὄψεις
902 1200 1192 1272 φέρεσθαι,
1232 1201 1352 1255 ἀλλ’
1388 1201 1446 1255 έκ
1478 1202 1863 1271 διαστημάτων

170 1292 375 1355 ταύτας
418 1291 688 1362 ὑπάρχειν
742 1289 833 1345 καὶ
879 1292 1057 1345 πολλὰ
1103 1301 1215 1345 τῶν
1261 1290 1745 1361 κατατεταγμένων
1790 1292 1862 1362 μὴ

171 1387 426 1452 θεωρεῖν.
505 1382 643 1435 ὥστε
683 1379 742 1434 ἐκ
779 1382 982 1435 τούτου
1022 1383 1271 1452 φανερόν
1310 1381 1440 1451 ἐστι,
1480 1382 1624 1435 διότι
1664 1378 1794 1434 οὐδὲ
1834 1379 1863 1434 ὁ

175 1451 342 1534 τύπος
371 1478 468 1541 τῆς
498 1472 715 1535 σελίδος
746 1471 874 1534 ὅλος
905 1470 1255 1542 ὁραθήσεται.
1316 1469 1408 1524 καὶ
1433 1469 1521 1525 ἐπὶ
1546 1479 1657 1524 τῶν
1681 1470 1867 1523 ἄλλων

173 1559 470 1630 θεαμάτων
517 1562 579 1614 τὸ
627 1560 763 1615 αὐτὸ
802 1563 1110 1631 συμβαίνει.
1197 1561 1333 1614 ὥστε
1382 1560 1483 1629 οὐχ
1530 1535 1899 1630 ὁραθήσεταιρ.

175 1650 286 1719 ἅμα
311 1650 412 1703 ὅλα
436 1649 503 1703 τὰ
534 1649 809 1719 ὁρώμενα·
851 1650 1004 1702 δοκεῖ
1030 1647 1089 1702 δὲ
1114 1649 1357 1719 ὁρᾶσθαι
1382 1650 1476 1702 διὰ
1499 1654 1561 1702 τὸ
1585 1637 1904 1738 κινεῖσθαιξ.

174 1739 272 1802 τὰς
310 1737 466 1803 ὄψεις
502 1738 781 1809 ὑπερβολῇ
813 1738 1015 1808 τάχους
1045 1735 1219 1808 μηδὲν
1250 1737 1671 1806 ἀπολειπούσας,
1710 1743 1904 1831 tovi-41

176 1826 291 1881 έστι
329 1828 466 1881 κατὰ
505 1826 795 1897 συνέχειαν
824 1826 1282 1899 παραφερομένας
1320 1825 1411 1880 καὶ
1442 1829 1515 1897 μὴ
1550 1825 1902 1907 &zzoue'voegqg

287 1917 427 1987 πρὸς
480 1913 541 1970 δὲ
593 1917 656 1970 τὸ
709 1926 775 1988 τῇ
829 1915 954 1981 ὄψει
1007 1918 1080 1986 μὴ
1126 1919 1491 1987 προσπίπτειν
1537 1936 1590 1969 τι
1636 1900 1904 1980 εἴδωλοτῆῐῗ

179 2006 286 2060 ἀπὸ
325 2013 426 2060 τοῦ
458 2004 742 2076 ὁρωμένου
783 2007 862 2070 εἰς
891 2007 954 2059 τὸ
985 2014 1207 2075 κινῆσαι
1238 2005 1415 2075 αὐτὴν
1443 2006 1583 2076 πρὸς
1611 2006 1673 2059 τὸ
1706 1990 1896 2085 κατα-ἧςΓ

179 2098 370 2165 λαβεῖν
408 2096 470 2149 τὸ
510 2095 795 2166 ὁρώμενον
834 2098 1030 2166 ἔφερεν
1069 2097 1248 2158 αἰτίας
1293 2095 1570 2158 τοιαύτας·
1626 2092 1718 2147 καὶ
1764 2088 1891 2164 γὰρ·Ἰ

180 2183 269 2239 ἐπὶ
307 2192 408 2238 τοῦ
440 2183 774 2255 ζητουμένου
810 2186 1061 2255 σώματος
1097 2183 1190 2238 καὶ
1221 2192 1322 2238 τοῦ
1353 2192 1430 2257 τῷ
1462 2186 1659 2257 βιβλίῳ
1694 2168 1889 2237 ἀτενίᾸῗ’

180 2277 369 2339 ζοντος
422 2273 660 2345 ἀπορίαν
709 2277 946 2344 κομίζων
992 2277 1198 2343 ἔλεγεν·
1253 2275 1306 2327 εἰ
1348 2269 1419 2342 ἧν
1463 2271 1582 2326 κατ’
1625 2265 1886 2332 εἰδώλωνῘ

180 2365 457 2433 ἔμπτωσιν
496 2365 558 2417 τὸ
597 2363 858 2435 ὁρατικὸν
887 2363 1087 2432 πάθος,
1124 2361 1217 2416 καὶ
1248 2362 1355 2416 ἀπὸ
1385 2363 1592 2425 παντὸς
1622 2363 1884 2431 σώματοςὲ

181 2453 447 2521 διηνεκῶς
477 2453 678 2506 εἴδωλα
710 2450 991 2523 ἀπέρρεεν,
1031 2452 1064 2506 ἃ
1095 2461 1241 2529 κινεῖ
1267 2451 1422 2522 ἡμῶν
1453 2452 1556 2520 τὴν
1586 2443 1878 2520 αἴσθησινζ,

301 2559 342 2599 3.
377 2551 479 2609 οὖν]
516 2569 604 2600 om.
637 2568 719 2610 vp,
752 2568 811 2597 m.
844 2567 934 2597 ree.
966 2553 1021 2598 V.
1143 2553 1294 2610 ὡρᾶτο
1325 2553 1382 2609 V,
1415 2567 1528 2597 corr.
1561 2567 1620 2597 m.
1653 2557 1691 2596 1.
1800 2550 1869 2604 ἐξ·

186 2611 434 2671 εριμμένον
465 2614 558 2671 Vp.
652 2618 692 2657 5.
725 2613 1034 2671 θεωρεῖσθαι]
1067 2627 1154 2656 -ει-
1184 2612 1234 2657 in
1258 2627 1348 2658 ras.
1368 2628 1427 2656 m.
1448 2617 1470 2655 1
1498 2612 1552 2656 V.
1648 2615 1686 2655 7.
1718 2611 1830 2655 ἀτεν

186 2674 367 2727 ζώντων
398 2689 442 2730 v,
476 2674 558 2717 sed
590 2687 703 2717 corr.
812 2677 852 2716 8.
887 2672 1090 2729 ἔφασκεν
1121 2673 1214 2717 Vv.
1311 2669 1643 2727 συνιστάμενος
1675 2670 1850 2727 ἔφασκε

186 2733 292 2790 del„
326 2747 467 2790 supra
498 2747 583 2777 scr.
617 2730 786 2789 ὁμοίως
818 2730 932 2789 φησί
962 2747 1022 2776 m.
1055 2745 1144 2776 rec.
1177 2732 1232 2776 V.
1344 2736 1383 2775 9.
1415 2729 1637 2782 πολλάκις
1666 2730 1722 2786 V,
1755 2739 1858 2773 corr

185 2807 245 2837 m.
264 2806 354 2837 rec.
447 2797 517 2836 14.
543 2792 651 2848 ἐστι,
667 2791 807 2850 διότι]
831 2794 946 2836 mut.
964 2791 1013 2835 in
1038 2791 1160 2836 ἐστιν
1178 2789 1250 2836 ὅτι
1271 2806 1331 2834 m.
1349 2804 1439 2835 rec.
1456 2790 1511 2835 V.
1607 2794 1674 2834 15.
1701 2788 1853 2835 ἄλλων

186 2853 342 2896 αὐτῶν
373 2852 429 2909 V,
462 2866 576 2896 corr.
608 2867 668 2896 m.
700 2865 790 2895 rec.
893 2855 963 2895 17.
996 2849 1114 2910 ἅμα]
1148 2865 1288 2907 supra
1321 2864 1404 2895 scr.
1436 2865 1495 2894 m.
1529 2863 1618 2894 rec.
1651 2849 1705 2893 V.
1801 2848 1855 2892 18

186 2911 301 2955 Post
330 2912 563 2971 ὑπερβολῇ
593 2925 682 2956 ras.
711 2916 734 2955 1
768 2910 860 2955 litt.
890 2926 932 2955 v.
1068 2909 1256 2969 τάχους]
1289 2924 1402 2955 corr.
1436 2923 1492 2954 ex
1521 2907 1662 2967 τάχος
1691 2923 1751 2952 m.
1777 2911 1804 2952 2
