1904 3184
180 105 351 148 XXXII
772 153 778 159 ,
795 107 1258 150 PROLEGOMENA.

183 223 382 267 eundem
414 225 654 267 auctorem
693 226 878 267 secutus
913 225 1004 279 est3
1043 237 1154 267 nam
1183 224 1489 268 Heliodorum
1521 224 1709 269 Theone
1749 225 1872 269 anti-

183 290 395 346 quiorem
426 303 546 347 esse,
578 303 662 347 pro
695 292 822 334 certo
854 289 1020 335 habeo.

302 356 461 401 Etiam
501 356 737 400 Arabibus
778 371 884 400 cum
924 357 1091 402 ceteris
1130 357 1263 400 libris
1303 357 1594 402 intermediis
1635 360 1707 415 (eo
1748 358 1873 403 enim

185 424 374 469 nomine
412 423 486 467 illi
526 424 691 468 eadem
732 423 828 468 fere
870 437 1011 481 opera
1051 423 1439 481 designauerunt,
1488 438 1608 480 quae
1649 425 1672 470 ὁ
1713 425 1875 481 μικρὸς

185 491 622 547 ἀστρονομούμενος
647 490 1012 547 comprehendit,
1045 505 1088 535 ιι.
1108 490 1486 535 Steinschneider
1510 490 1778 535 Zeitschrift
1801 491 1876 534 fi’ir

188 557 336 602 Math.
376 571 420 602 ιι.
454 557 592 613 Phys,
636 561 751 601 1865
789 572 834 614 p.
867 559 980 615 464)
1020 556 1190 614 Optica
1228 557 1535 602 innotuerunt
1574 557 1874 614 studioseque

187 624 537 680 tractabantur3
555 639 598 668 u.
619 623 998 668 Steinschneider
1014 623 1283 668 Zeitschrift
1298 623 1329 668 f.
1341 624 1488 669 Math.
1505 639 1548 667 u.
1563 623 1701 680 Phys.
1713 623 1874 680 XXXI,

186 690 296 736 hist.
329 690 471 734 Abth.
503 706 547 747 p.
585 695 669 734 100
688 705 742 746 sq
766 728 777 747 ,
825 691 949 735 unde
987 691 1104 736 haec
1143 690 1318 735 adfero.
1396 689 1597 734 Arabice
1638 704 1694 735 ea
1731 690 1876 735 uertit

187 756 386 813 Honein,
416 757 546 801 cuius
571 757 1010 815 interpretationem
1033 757 1210 801 Thabit
1232 757 1325 801 ben
1347 757 1496 801 Korra
1522 759 1570 801 et
1591 757 1877 802 Nasireddin

189 822 302 867 Tusi
341 824 723 869 emendauerunt.
787 838 843 868 ex
873 824 1068 868 Euclide
1109 827 1156 868 et
1190 824 1462 868 Ptolemaeo
1503 839 1587 868 sua
1621 823 1790 881 Optica
1829 837 1877 868 se

189 889 444 935 confecisse
476 890 594 935 dicit
623 891 710 935 Ibn
732 891 960 936 Haitham
991 891 1057 948 (in
1087 890 1475 948 interpretatione
1499 890 1672 935 Latina
1704 905 1878 947 eorum,

191 970 311 1012 quae
344 957 430 1001 sub
462 957 652 1002 nomine
676 957 887 1003 Alhazen
920 957 1036 1002 satis
1068 960 1182 1002 nota
1207 960 1291 1014 est,
1324 957 1445 1001 nihil
1469 957 1721 1014 inuenitur,
1755 958 1882 1014 quod

191 1036 247 1066 ex
270 1022 465 1068 Euclide
497 1026 870 1082 transsumptum
900 1038 1001 1069 esse
1034 1024 1345 1069 demonstrari
1366 1024 1547 1082 possit).
1598 1038 1654 1068 ex
1676 1024 1880 1069 Arabico

189 1089 326 1134 fluxit
366 1090 466 1135 sine
507 1091 652 1137 dubio
693 1094 741 1136 et
779 1091 1106 1149 interpretatio
1138 1091 1326 1136 Persica
1367 1094 1415 1136 et
1445 1091 1679 1136 Hebraica
1711 1091 1882 1149 (Stein-

191 1156 437 1202 schneider
466 1174 510 1215 p.
538 1162 653 1216 101).

309 1227 467 1268 utrum
506 1225 837 1282 interpretatio
876 1224 1080 1269 Arabica
1120 1225 1182 1269 ad
1214 1225 1528 1270 occidentales
1568 1225 1723 1270 medio
1763 1239 1880 1269 aeuo

190 1290 459 1346 peruenerit
485 1291 746 1348 Latineque
778 1305 915 1336 uersa
948 1291 1010 1336 sit
1039 1305 1198 1348 necne,
1233 1292 1493 1337 discernere
1525 1306 1728 1348 neque03
1760 1291 1904 1336 inter.

194 1355 378 1401 codices
417 1357 613 1402 Latinos
656 1358 947 1415 Opticorum,
996 1373 1113 1414 quos
1146 1357 1266 1416 uidi,
1314 1359 1470 1403 nullus
1511 1361 1639 1403 certa
1677 1358 1904 1420 uestigia¹

195 1422 390 1481 originis
422 1425 653 1470 Arabicae
685 1426 843 1470 habet.
896 1425 978 1470 sed
1012 1425 1180 1482 Optica
1205 1425 1381 1471 Graece
1412 1425 1462 1470 in
1492 1425 1633 1470 Italia
1664 1425 1884 1470 meridio-

193 1489 292 1534 nali
325 1491 561 1536 exstitisse
595 1492 782 1537 saeculo
815 1492 919 1548 XII,
954 1506 978 1535 e
1010 1492 1306 1549 praefatione
1338 1492 1529 1536 Henrici
1560 1492 1791 1550 Aristippi
1823 1492 1904 1537 ad:

195 1556 636 1614 interpretationem
652 1558 918 1603 Phaedonis
945 1558 1252 1615 comperimus
1278 1559 1430 1616 (Rose‚
1456 1559 1649 1604 Hermes
1667 1559 1687 1602 I
1703 1561 1904 1618 p.388)=}

195 1625 329 1672 habes
360 1625 577 1671 Euclidis
607 1628 781 1683 optica,
820 1627 900 1683 qai
936 1631 1031 1670 tam
1060 1640 1160 1671 vere
1199 1633 1240 1671 et
1269 1628 1542 1671 mirabiliter
1580 1628 1633 1672 de
1673 1628 1904 1684 opinione·

192 1692 380 1736 videndi
402 1693 599 1748 disserit,
622 1699 675 1738 ut
698 1694 955 1750 opinabilia
978 1694 1329 1738 ratiocinatione
1346 1695 1505 1750 probet
1521 1694 1886 1739 demonstrativa.

198 1770 284 1800 nec
325 1757 514 1814 dubito,
563 1759 677 1814 quin
717 1773 771 1803 eo
810 1759 1055 1803 referenda
1096 1758 1159 1803 sit
1196 1758 1525 1816 interpretatio
1557 1773 1582 1803 e
1615 1759 1792 1804 Graeco
1825 1754 1904 1818 ad}

196 1823 516 1868 recensionem
540 1825 785 1881 antiquam
816 1826 958 1882 facta,
991 1840 1133 1882 quam
1158 1840 1299 1883 supra
1324 1826 1452 1870 edidi
1477 1829 1680 1884 (praeter
1704 1826 1897 1872 codices-

200 1903 340 1946 supra
371 1891 638 1936 nominatos
670 1893 811 1936 hosce
842 1891 975 1938 noui:
1009 1892 1109 1936 cod.
1127 1892 1422 1937 Riccardian.
1443 1898 1527 1938 885
1553 1893 1633 1939 fol.
1654 1896 1890 1939 132—143

199 1970 319 2002 saec.
351 1957 472 2014 XIV,
506 1959 606 2003 cod.
640 1959 849 2004 Norimb.
883 1961 1003 2004 cent.
1028 1959 1083 2016 V,
1110 1963 1166 2003 64
1198 1959 1277 2004 fol.
1307 1965 1581 2017 164—16811,
1614 1960 1714 2005 cod.
1743 1957 1901 2005 Oxon.'

198 2022 372 2082 Colleg.
407 2024 539 2082 Corp
566 2025 669 2071 Chr.
695 2030 803 2083 251,
849 2026 948 2071 cod.
969 2025 1246 2100 ‘Cantabrig
1274 2027 1527 2072 Uniuersit.
1561 2028 1665 2072 Mm
1696 2022 1904 2084 ΙΠ,11).Χ

196 2090 426 2148 interpres
471 2107 758 2149 quamquam
803 2093 854 2136 in
899 2092 1170 2137 uniuersum
1215 2093 1394 2137 Graeca
1441 2094 1675 2138 uocabula
1722 2092 1904 2152 tenuit,

197 2158 361 2201 tamen
391 2157 629 2203 interdum
659 2158 855 2203 ridicule
888 2159 1077 2217 errauit,
1110 2160 1242 2204 uelut
1271 2176 1316 2217 p.
1353 2165 1479 2217 78,1
1513 2161 1564 2206 τὸ
1598 2164 1659 2205 Μ
1681 2156 1898 2205 reddidit

196 2240 431 2284 sectionem
462 2225 565 2298 (τομ
595 2241 714 2299 legit
751 2255 836 2298 pro
874 2258 926 2286 το
959 2245 1020 2300 μ),
1053 2258 1098 2299 p.
1133 2248 1202 2299 92,
1238 2249 1292 2288 16
1326 2244 1642 2299 ὀποτερασοῦν
1673 2244 1891 2290 utralibet

197 2320 321 2364 erqo,
354 2322 398 2363 p.
427 2311 525 2364 100,
552 2312 577 2350 8
609 2315 826 2365 τεμοῦσιν
856 2315 1067 2366 secantes,
1100 2325 1143 2366 p.
1172 2315 1270 2367 106,
1296 2314 1354 2354 24
1384 2304 1414 2370 ᾗ
1446 2312 1539 2367 ael,
1579 2325 1623 2367 p.
1652 2313 1750 2367 108,
1778 2314 1802 2353 7
1836 2304 1899 2375 Μ

197 2381 376 2438 quidem
407 2377 464 2438 (μ
490 2404 545 2420 =
570 2379 694 2440 μέν);
729 2382 1040 2442 ἐπεζεύχθω
1016 2401 1046 2441 η
1080 2397 1262 2441 semper
1291 2384 1388 2428 fere
1419 2384 1757 2441 interpretatur
1786 2397 1897 2430 com

203 2449 482 2506 iunqantwr,
522 2449 649 2505 quod
689 2449 918 2507 corrigere
954 2465 1050 2494 non
1090 2450 1357 2498 debueram.
1419 2453 1607 2508 praeter
1637 2450 1896 2508 interpola·

202 2513 356 2558 tiones
395 2514 598 2560 minores
638 2531 682 2573 p.
717 2521 757 2573 3,
795 2521 870 2571 133
919 2521 960 2574 5,
996 2522 1071 2574 193
1114 2523 1183 2575 33,
1219 2522 1267 2575 93
1314 2522 1384 2574 35,
1421 2523 1467 2573 73
1514 2523 1585 2574 37,
1621 2522 1696 2573 17;
1738 2522 1807 2574 43,
1841 2516 1904 2588 4,,

206 2585 447 2639 71,1,11,
481 2597 599 2638 quas
631 2582 807 2657 recepi,
839 2583 925 2627 has
957 2583 1103 2628 habet
1133 2584 1332 2629 maiores
1364 2583 1414 2627 ιιι
1444 2585 1514 2629 D:

321 2651 429 2705 post
459 2665 504 2706 p.
540 2654 618 2706 11,
654 2654 708 2693 21
748 2649 799 2693 in
838 2650 984 2694 oculis
1018 2650 1231 2695 subiecta
1263 2651 1504 2708 superficie
1537 2617 1904 2712 consistentium!

202 2714 433 2760 linearum
466 2716 858 2772 equidistantium
887 2717 1092 2762 latitudo
1123 2717 1346 2762 remotior
1370 2720 1441 2761 est
1473 2718 1727 2761 secundum
1750 2714 1904 2779 nisio-l

202 2795 311 2826 nem
353 2783 596 2829 minorem.
677 2783 911 2840 equalitas
952 2786 1112 2828 autem
1149 2783 1351 2828 habetur
1387 2785 1452 2842 ky
1498 2783 1625 2828 linea
1664 2783 1892 2852 existent}

206 2849 366 2904 equali
390 2852 454 2894 tb.
506 2850 741 2895 subtensis
774 2850 926 2895 cordis
959 2853 1095 2894 erunt
1123 2850 1313 2906 equales
1337 2853 1528 2907 propter
1551 2850 1789 2907 triangulo

207 2916 297 2959 duo
338 2915 489 2960 latera
530 2917 719 2972 equalia
758 2920 806 2961 et
838 2917 1035 2974 angulos
1069 2919 1312 2963 contentos
1353 2917 1556 2973 equales
1622 2917 1683 2960 ad
1715 2931 1836 2973 equa
1858 2913 1895 2990 *st
