1904 3184
121 1163 176 1203 10

123 1607 177 1648 15

123 2052 179 2092 20

124 2496 181 2536 25

203 167 278 220 54
775 168 1058 211 EUCLIDIS
1091 168 1321 211 OPTICA.

1002 330 1107 385 λα’.

326 441 437 490 Τοῦ
477 433 538 489 δὲ
577 438 817 505 ὄμματος
855 437 1042 503 ἔγγιον
1079 435 1337 498 τεθέντος
1378 435 1438 488 ἐν
1475 443 1551 508 τῷ
1592 435 1740 507 αὐτῷ
1782 434 1896 488 ἐπι-

205 525 372 599 πέδῳ,
404 526 464 579 ἐν
497 520 541 598 ᾧ
574 525 724 578 ἐστιν
754 523 787 592 ἡ
814 524 974 593 βάσις
996 531 1095 577 τοῦ
1119 525 1324 593 κώνου,
1355 526 1581 577 ἔλαττον
1611 521 1712 593 μὲν
1744 526 1897 577 ἔσται

207 617 270 669 τὸ
307 615 416 668 ὑπὸ
463 623 575 667 τῶν
622 615 805 677 ὄψεων
851 612 1462 684 ἐμπεριλαμβανόμενον
1508 611 1694 682 μέρος,
1750 610 1898 676 δόξει

208 702 269 758 δὲ
307 707 490 774 μεῖζον
529 702 785 773 ὁρᾶσθαι.

320 795 457 846 ἔστω
497 801 698 861 κῶνος,
746 787 814 845 οὗ
852 791 1013 860 βάσις
1050 788 1151 860 μὲν
1190 790 1218 844 ὁ
1259 794 1368 844 ΑΒ
1408 791 1632 859 κύκλος,
1678 790 1898 859 κορυφὴ

208 879 269 935 δὲ
306 883 368 935 τὸ
403 884 457 935 Γ
486 890 728 950 σημεῖον,
767 881 914 949 ὄμμα
954 876 1015 932 δὲ
1053 882 1190 933 ἔστω
1223 880 1284 932 τὸ
1317 884 1388 948 Δ,
1426 877 1518 931 καὶ
1550 879 1802 947 εἰλήφθω
1836 878 1897 930 τὸ

207 970 440 1040 κέντρον
485 977 585 1023 τοῦ
631 970 838 1022 κύκλου
886 970 947 1022 τὸ
997 971 1071 1037 Λ,
1125 966 1216 1021 καὶ
1265 967 1571 1037 ἐπεζεύχθω
1626 967 1819 1020 εὐθεῖα
1864 966 1899 1036 ἡ

207 1063 342 1129 ΔΛ,
376 1058 468 1113 καὶ
490 1073 658 1128 προσ-

260 1147 607 1202 πιπτέτωσαν

207 1237 425 1301 ἀκτῖνες
452 1239 514 1291 αἱ
532 1242 658 1306 ΛΑ,

208 1331 345 1397 ΛΒ,
398 1326 491 1381 καὶ
541 1327 659 1380 ἐπε-

210 1418 530 1487 ζεύχθωσαν
543 1416 629 1486 [αἱ
635 1416 656 1486 ]

246 1504 480 1576 πλευραὶ
521 1513 620 1559 τοῦ

208 1596 394 1649 κώνου
437 1596 499 1648 αἱ
533 1600 586 1648 A
598 1597 657 1662 Γ,

212 1687 339 1737 ΓΒ.
452 1684 659 1737 οὐκοῦν

209 1773 318 1826 ὑπὸ
358 1780 458 1826 τοῦ
495 1777 551 1825 Δ
590 1774 829 1842 ὄμματος
867 1770 958 1824 καὶ
997 1781 1108 1825 τῶν
1148 1776 1275 1839 ΔΑ,
1307 1775 1360 1824 Δ
1371 1775 1418 1823 Β
1465 1773 1648 1834 ὄψεων
1687 1769 1904 1839 ἐμπερι-

211 1862 545 1931 λαμβάνεται
606 1862 667 1915 τὸ
722 1866 775 1913 Α
793 1864 839 1913 Β
860 1863 913 1913 Γ
965 1859 1128 1930 μέρος
1181 1867 1280 1913 τοῦ
1334 1861 1546 1928 κώνου,
1607 1861 1704 1912 καί
1753 1858 1904 1912 ἐστιν

212 1954 440 2004 ἔλαττον
485 1949 807 2019 ἡμικωνίου.
900 1952 1240 2019 μετακείσθω
1297 1950 1366 2018 δὴ
1413 1949 1475 2002 τὸ
1523 1950 1669 2018 ὄμμα
1716 1950 1904 2016 ἔγγιον

210 2039 303 2093 καὶ
326 2042 463 2093 ἔστω
487 2041 549 2093 τὸ
574 2043 639 2108 Ε,
670 2037 762 2092 καὶ
785 2037 1276 2106 προσπιπτέτωσαν
1301 2037 1516 2100 ἀκτῖνες
1538 2038 1600 2090 αἱ
1619 2041 1742 2105 ΕΖ,
1767 2038 1901 2105 ΕΗ,

213 2127 308 2182 καὶ
348 2128 765 2198 ἐπεζεύχθωσαν
803 2128 865 2180 αἱ
898 2125 1130 2197 πλευραὶ
1169 2128 1231 2179 αῖ
1261 2130 1378 2195 ΖΓ,
1412 2129 1537 2179 ΓΗ.
1599 2125 1768 2179 πάλιν
1799 2121 1904 2179 οὖν

214 2218 744 2288 ἐμπεριλαμβάνεται
774 2216 884 2269 ὑπὸ
916 2223 1015 2269 τοῦ
1040 2220 1093 2268 Ε
1120 2218 1359 2285 ὄμματος
1390 2214 1481 2268 καὶ
1505 2223 1616 2267 τῶν
1641 2218 1763 2282 ΕΖ,
1788 2214 1904 2267 ΕΗ

214 2309 396 2372 ὄψεων
435 2308 495 2360 τὸ
539 2309 715 2359 ΖΓΗ
753 2304 918 2375 μέρος
962 2313 1061 2357 τοῦ
1100 2306 1301 2358 κώνου.
1378 2307 1492 2358 ἔστι
1532 2300 1592 2356 δὲ
1631 2303 1692 2356 τὸ
1735 2301 1904 2356 ΖΓΗ

213 2404 313 2449 τοῦ
346 2399 522 2449 ΑΒΓ
551 2398 808 2448 ἔλασσον·
850 2395 1004 2447 δοκεῖ
1039 2391 1100 2446 δὲ
1139 2397 1323 2463 μεῖζον
1353 2396 1675 2462 φαίνεσθαι,
1715 2389 1904 2461 ἐπειδὴ

213 2488 410 2555 μείζων
442 2483 592 2538 ἐστὶν
623 2484 656 2553 ἡ
688 2484 795 2538 ὑπὸ
824 2486 1001 2536 ΖΕΗ
1025 2486 1200 2551 γωνία
1230 2490 1326 2551 τῆς
1351 2481 1460 2534 ὑπὸ
1486 2485 1594 2534 ΑΔ
1604 2484 1650 2533 Β
1682 2482 1904 2547 γωνίας;

325 2575 572 2645 φανερὸν
611 2572 696 2642 δέ,
743 2573 828 2626 ὄτι
874 2570 965 2625 καὶ
1013 2570 1100 2624 ἐπὶ
1143 2573 1327 2624 κώνου
1365 2570 1474 2623 ὑπὸ
1514 2578 1626 2622 τῶν
1665 2569 1768 2621 δύο
1807 2567 1904 2637 ὀμο

214 2664 401 2732 μάτων
447 2661 730 2734 ὁρωμένου
778 2663 1114 2730 συμβήσεται
1153 2661 1220 2713 τὰ
1263 2657 1350 2713 ἐπὶ
1389 2666 1485 2727 τῆς
1531 2660 1771 2727 σφαίρας
1808 2652 1901 2709 καὶ

213 2759 314 2804 τοῦ
352 2752 656 2822 κυλίνδρου
695 2759 807 2804 τῶν
846 2749 1049 2819 ὁμοίως
1087 2747 1383 2820 ὁρωμένων
1422 2749 1814 2816 συμβαίνοντα.

335 2917 373 2956 1.
414 2912 512 2970 λα’]
553 2912 620 2956 λε’
654 2911 709 2968 V,
753 2911 824 2967 λγ’
859 2911 1018 2954 Vahv.
1171 2913 1210 2952 2.
1256 2906 1327 2967 δέ]
1370 2921 1457 2950 om.
1490 2907 1587 2962 Bv,
1630 2921 1689 2950 m.
1725 2910 1750 2948 2
1790 2904 1898 2948 Vat.

275 2970 450 3030 ἔγγιον]
485 2985 598 3017 corr.
632 2984 687 3015 ex
721 2970 899 3027 ἔγγειον
930 2970 985 3026 V,
1018 2971 1072 3013 ut
1102 2967 1182 3012 lin.
1218 2972 1286 3012 19.
1421 2964 1660 3023 τεθέντος]
1693 2963 1901 3008 τέθειται
