1904 3184
186 107 257 160 98
757 105 1042 152 EUCLIDIS
1075 99 1314 150 OPTICAJ

186 230 383 298 μείζων
426 229 532 295 ἄρα
572 227 874 295 φανήσεται
914 225 947 294 ἡ
987 230 1097 279 ΑΒ
1136 234 1232 295 τῆς
1263 228 1381 278 ΒΓ.
1447 224 1552 278 κᾶν
1582 227 1881 296 μεταβαίνῃ

188 315 249 371 δὲ
281 316 370 371 ἐπὶ
400 324 496 385 τῆς
527 319 667 384 EH,
709 316 873 368 ἄνισα
905 314 1108 384 ὁμοίως
1146 316 1474 383 φανήσεται,
1513 312 1604 367 καὶ
1645 312 1732 367 ἐπὶ
1770 323 1884 367 τῶν

189 414 288 460 τοῦ
331 407 537 459 κύκλου
586 412 767 475 μερῶν
813 402 981 473 χωρὶς
1027 411 1121 473 τῆς
1167 405 1305 474 πρὸς
1355 403 1531 474 ὀρθὰς
1586 403 1682 456 ἐὰν
1727 408 1883 473 τεθῇ,

190 497 354 549 ἄνισα
402 496 681 564 φαίνεται,
735 490 827 544 καὶ
875 491 973 545 ἐὰν
1013 491 1165 555 ἐκτὸς
1215 499 1314 545 τοῦ
1360 493 1567 545 κύκλου
1622 497 1758 562 τεθῇ
1809 493 1881 561 μὴ

132 592 159 632 5
193 582 275 638 ἐπ’
312 583 534 645 εὐθείας
573 581 639 635 ὃν
677 590 742 652 τῇ
781 585 911 650 ΔΖ,
951 583 1115 635 ἄνισα
1154 584 1424 651 φαίνεται.

900 743 1160 808 masteng.

291 851 466 905 ’Έστω
506 851 612 920 γὰρ
653 854 743 918 ἴση
775 848 808 917 ἡ
842 851 954 901 ΒΓ
984 856 1049 919 τῇ
1083 851 1199 916 ΓΛ,
1238 845 1330 900 καὶ
1360 846 1485 918 περὶ
1516 845 1617 917 μὲν
1649 850 1749 918 τὴν
1781 850 1896 901 ΒΓ

193 939 519 1010 ἡμικύκλιον
551 938 852 1007 γεγράφθω
886 938 947 990 τὸ
976 940 1153 1015 ΒΖΓ,
1192 935 1318 1005 περὶ
1350 933 1410 989 δὲ
1442 938 1543 1006 τὴν
1569 939 1671 990 ΓΔ
1702 940 1887 1006 μεῖζον

193 1029 520 1100 ἡμικυκλίου
560 1029 621 1081 τὸ
664 1030 841 1080 ΓΖΔ·
898 1025 989 1079 καὶ
1028 1028 1298 1097 φανερόν,
1345 1026 1428 1079 ὅτι
1467 1035 1618 1095 τεμεῖ
1651 1026 1712 1079 τὸ
1751 1043 1886 1096 προ-

107 1127 163 1167 10
195 1116 485 1190 ειρημένον
524 1117 863 1187 ἡμικύκλιον.
942 1116 1183 1169 δυνατὸν
1224 1113 1289 1168 δέ
1325 1114 1475 1168 ἐστιν
1524 1113 1610 1167 ἐπὶ
1650 1122 1743 1183 τῆς
1785 1117 1886 1167 ΓΔ

195 1208 403 1279 γράψαι
443 1214 623 1276 τμῆμα
653 1209 836 1275 μεῖζον
867 1204 1211 1275 ἡμικυκλίου.
1274 1203 1370 1257 ἐὰν
1401 1205 1506 1275 γὰρ
1537 1203 1904 1274 ὑποθώμεθαρΙ

197 1295 377 1362 ὀξεῖαν
423 1316 548 1349 τινα
594 1298 827 1364 γωνίαν,
876 1294 1118 1348 δυνατὸν
1164 1292 1296 1363 ἡμῖν
1336 1292 1486 1346 ἐστιν
1525 1291 1612 1346 ἐπὶ
1651 1300 1747 1361 τῆς
1788 1295 1888 1345 ΓΔ

195 1385 406 1456 γράψαι
444 1391 625 1454 τμῆμα
663 1385 871 1437 κύκλου
913 1383 1212 1452 δεχόμενον
1250 1385 1460 1451 γωνίαν
1501 1387 1626 1450 ἴσην
1657 1389 1722 1451 τῇ
1753 1380 1904 1434 ὑπο-“

196 1473 415 1544 κειμένῃ
456 1471 602 1545 ὀξείᾳ
639 1475 838 1545 γωνία,
883 1472 956 1535 ὡς
995 1471 1100 1525 ἀπὸ
1141 1478 1240 1524 τοῦ
1281 1469 1368 1539 λγ’
1410 1478 1508 1524 τοῦ
1548 1474 1737 1542 τρίτου
1777 1480 1904 1523 τῶν·

111 1572 166 1612 15
200 1562 490 1631 ἐπιπέδων,
528 1561 619 1615 καὶ
659 1564 809 1615 ἔσται
849 1562 909 1614 τὸ
943 1560 1345 1630 συνιστάμενον
1385 1558 1467 1613 ἐπ’
1505 1560 1672 1629 αὐτῆς
1706 1562 1891 1629 μεῖζον

199 1653 544 1723 ἡμικυκλίου,
584 1651 658 1714 ὡς
696 1651 801 1704 ἀπὸ
841 1658 940 1703 τοῦ
976 1649 1065 1703 λα’
1098 1657 1197 1702 τοῦ
1229 1652 1417 1720 τρίτου
1457 1658 1569 1702 τῶν
1601 1648 1888 1703 ἐπιπέδων.

198 1740 290 1795 καὶ
332 1741 746 1809 ἐπεζεύχθωσαν
786 1740 847 1792 αί
881 1743 1005 1807 ΒΖ,
1047 1741 1164 1807 ΖΓ,
1204 1743 1318 1791 ΖΔ.
1397 1738 1603 1791 οὐκοῦν
1641 1737 1674 1806 ἡ
1716 1737 1775 1791 ἐν
1814 1744 1889 1809 τῷ

199 1830 502 1902 ἡμικυκλίῳ
542 1832 718 1898 γωνία
756 1831 953 1898 μείζων
993 1827 1106 1881 ἐστὶ
1144 1836 1241 1897 τῆς
1288 1827 1347 1881 ἐν
1393 1835 1468 1899 τῷ
1508 1829 1713 1896 μείζονι
1759 1828 1891 1897 τμή-

200 1938 343 1990 ματι.
427 1920 494 1972 τὰ
548 1915 608 1971 δὲ
653 1917 762 1971 ὑπὸ
809 1920 1054 1987 μείζονος
1109 1919 1314 1985 γωνίας
1368 1916 1618 1987 ὁρώμενα
1671 1918 1891 1985 μείζονα

111 2017 170 2058 20
202 2011 479 2078 φαίνεται·
518 2010 716 2077 μείζων
754 2008 860 2077 ἄρα
900 2005 932 2074 ἡ
974 2009 1085 2059 ΒΓ
1116 2014 1210 2075 τῆς
1251 2008 1352 2059 ΓΔ
1392 2008 1662 2075 φαίνεται.
1728 2001 1797 2073 ἦν
1829 2001 1892 2058 δὲ

200 2095 293 2150 καὶ
334 2102 440 2165 ἴση.
519 2098 668 2150 ἔστιν
708 2097 815 2167 ἄρα
854 2097 1021 2158 τόπος
1057 2097 1267 2164 κοινός,
1317 2094 1377 2148 ἐν
1416 2089 1460 2167 ᾧ
1507 2095 1568 2147 τὸ
1609 2093 1754 2164 ὄμμα
1794 2093 1892 2147 ἐὰν

200 2191 354 2256 τεθῇ,
394 2186 558 2238 ἄνισα
597 2187 851 2254 φαίνεται
890 2185 956 2237 τὰ
997 2189 1103 2237 ἴσα.
1167 2189 1257 2236 ἴσα
1297 2181 1358 2236 δὲ
1390 2185 1709 2253 φανήσεται,
1750 2182 1891 2236 ἐπει-

203 2275 308 2327 δὰν
348 2272 435 2327 ἐπὶ
474 2283 586 2327 τῶν
612 2274 650 2342 †
690 2272 742 2338 ἐξ
782 2274 952 2343 ἀρχῆς
991 2275 1230 2343 σημείων
1273 2267 1303 2344 ᾗ
1341 2282 1453 2325 τῶν
1493 2270 1580 2325 ἐπὶ
1618 2282 1729 2325 τῶν
1770 2273 1890 2342 ΒΓ,

204 2365 304 2416 ΓΛ
346 2363 610 2431 μειζόνων
649 2361 1002 2431 ἡμικυκλίων.

323 2499 362 2538 3.
397 2491 553 2551 χωρίς]
586 2476 615 2550 ’χ’
661 2492 783 2549 Vah„
823 2491 1003 2551 χωρίων
1035 2508 1077 2538 v.
1231 2497 1270 2536 6.
1305 2491 1470 2549 ἄλλως]
1502 2491 1662 2548 Vat.v‚
1707 2504 1794 2535 om.
1827 2505 1889 2548 m,

205 2553 276 2598 νε’
302 2553 358 2609 V,
391 2553 467 2610 νγ’
493 2568 552 2596 m.
587 2557 613 2595 2
645 2552 752 2596 Vat.
868 2557 908 2598 8.
941 2549 1215 2609 ἡμικυκλίου
1246 2566 1288 2595 v.
1397 2550 1501 2609 τήν]
1533 2557 1614 2607 τῆς
1644 2565 1685 2594 v.
1793 2547 1891 2606 μεί-

204 2614 293 2665 ζων
326 2627 366 2657 V.
475 2616 515 2657 9.
549 2612 694 2670 τεμεῖ]
726 2627 775 2655 τε
807 2613 962 2668 μεῖζον
993 2627 1053 2657 m.
1164 2616 1231 2656 10.
1266 2608 1337 2669 δέ]
1370 2626 1417 2654 τε
1448 2625 1509 2654 m.
1622 2610 1720 2668 τῆς]
1754 2616 1835 2654 τοῦ
1860 2620 1893 2654 v

206 2674 253 2716 eb
284 2686 431 2728 comp.
467 2685 607 2728 supra
639 2685 722 2715 scr.
755 2671 862 2715 Vat.
966 2672 1067 2730 ΓΛ]
1101 2685 1212 2714 corr.
1248 2683 1303 2714 ex
1335 2673 1433 2714 ΔΓ
1458 2685 1516 2713 m.
1554 2673 1575 2712 1
1609 2669 1716 2713 Vat.
1819 2672 1888 2712 11.

205 2730 387 2788 γράψαι
419 2758 474 2763 -
512 2736 577 2775 12.
614 2731 713 2788 ΓΔ]
745 2729 818 2773 bis
850 2746 916 2787 m,
959 2745 1071 2775 corr.
1104 2745 1164 2774 m.
1199 2735 1238 2774 2.
1388 2734 1452 2773 12.
1493 2727 1697 2772 δυνατόν
1732 2754 1783 2760 --
1819 2732 1904 2776 16.Ι

207 2789 458 2849 ἐπιπέδων]
499 2790 622 2834 male
662 2789 750 2834 del.
783 2789 1119 2834 Weissenborn
1156 2789 1186 2834 1.
1220 2802 1256 2832 c.
1296 2803 1340 2845 p.
1374 2793 1444 2832 58.
1600 2792 1665 2831 14.
1705 2787 1800 2845 Zy']
1839 2785 1904 2830 11ιὲ

204 2864 294 2894 ras.
327 2850 382 2906 V,
415 2852 440 2892 λ
470 2848 520 2892 in
550 2863 640 2893 ras.
673 2865 741 2904 m3
774 2853 871 2893 ΛΓ
894 2865 936 2906 v,
972 2851 1019 2892 et
1049 2849 1172 2905 Vat„
1206 2861 1318 2892 corr.
1351 2863 1411 2893 m.
1447 2852 1485 2891 2.
1583 2851 1649 2891 16.
1683 2846 1781 2905 λα’]
1814 2842 1887 2902 λγ’

205 2908 256 2952 in
286 2923 375 2953 ras.
408 2909 470 2964 V3
512 2909 599 2966 λγ’,
633 2911 657 2952 λ
687 2907 738 2951 in
767 2923 872 2965 ras.‚
904 2924 973 2964 m3
1013 2911 1111 2952 ΛΓ
1134 2923 1184 2964 v,
1216 2908 1323 2952 Vat.
1355 2922 1414 2951 m.
1452 2911 1498 2963 1,
1530 2909 1583 2963 λγ
1613 2906 1720 2950 vat.
1753 2920 1812 2949 m.
1847 2909 1902 2973 ²5

1898 2978 1904 3068 Ξ,
