1904 3184
97 126 100 129 ,
159 79 268 132 158
511 82 870 125 OPTICORUM
900 84 1199 128 RECENSIO
1230 85 1510 128 THEONIS.

267 202 404 255 ἔστω
459 202 565 272 γὰρ
614 203 759 272 ὄμμα
807 199 908 272 μὲν
953 205 1015 257 τὸ
1064 207 1136 272 Β,
1185 204 1474 274 ὁρώμενον
1521 203 1582 258 δὲ
1627 207 1688 259 τὸ
1738 210 1853 260 ΓΛ.

155 288 297 360 φημὶ
344 291 438 359 δή,
495 291 578 344 ὅτι
625 293 686 345 τὸ
736 293 837 345 ΓΛ
891 294 953 345 ἔν
998 312 1110 346 τινι
1167 293 1507 364 ἀποστήματι
1554 298 1854 366 γενόμενον

153 377 338 432 οὐκέτι
392 379 741 450 ὁραθήσεται.
839 383 1158 450 γεγενήσθω
1214 383 1319 453 γὰρ

152 469 213 521 τὸ
248 470 349 521 ΓΔ
389 467 448 521 ἐν
488 476 563 541 τῷ
601 467 802 538 μεταξὺ
842 471 1169 540 διαστήματι
1208 480 1321 524 τῶν
1393 442 1489 676 N
1571 450 1644 501 K
1894 479 1895 482 ’

93 569 120 610 5
152 557 359 626 ὄψεων,
415 556 505 627 ἐφ’
549 554 616 612 οὗ
663 559 725 612 τὸ
771 562 838 612 Κ.
927 560 1135 613 οὐκοῦν
1181 562 1319 631 πρὸς
1770 568 1786 620 l

1719 683 1793 744 [Δ

151 647 212 699 τὸ
253 649 311 699 Κ
345 646 577 717 οὐδεμία
614 657 728 701 τῶν
767 647 873 702 ἀπὸ
913 656 1013 702 τοῦ
1048 653 1095 701 Β
1136 651 1318 713 ὄψεων
1413 677 1476 728 Γ

149 746 537 806 προσπεσεῖται
586 736 748 808 [πρὸς
785 736 816 790 ὃ
856 735 923 791 δέ
956 758 1017 806 γε
1065 739 1126 791 αἱ
1162 740 1317 802 ὄψεις

150 820 218 878 οὐ
248 828 709 897 προσπίπτουσιν,
745 826 920 880 ἐκεῖνο
954 828 1054 897 οὐχ
1080 828 1315 899 ὀρᾶται].

147 912 380 968 ἕκαστον
404 916 511 985 ἄρα
539 924 651 969 τῶν
675 914 973 987 ὁρωμένων
1000 919 1107 986 ἔχει
1136 937 1188 970 τι
1216 926 1314 987 μῆ-

61 1014 116 1054 10
147 1022 243 1067 κος
274 1003 670 1074 ἀποστήματος,
703 1001 772 1059 οὗ
803 1008 1102 1076 γενόμενον
1133 1005 1315 1060 οὐκέτι
1575 1023 1632 1072 B

148 1091 356 1163 ὁρᾶται.

962 1198 1033 1252 δ’.

266 1303 389 1353 Τῶν
453 1305 589 1355 ἴσων
652 1302 1038 1372 διαστημάτων
1101 1301 1188 1356 ἐπὶ
1246 1311 1342 1372 τῆς
1397 1303 1565 1372 αὐτῆς
1620 1299 1843 1363 εὐθείας

145 1389 325 1442 ὄντων
371 1390 437 1443 τὰ
484 1389 541 1444 ἐκ
595 1394 852 1455 πλείονος
906 1391 1287 1462 ἀποστήματος
1329 1392 1580 1463 ὁρώμενα
1637 1391 1840 1445 ἐλάττω

59 1491 114 1531 15
147 1481 419 1547 φαίνεται.

165 1583 171 1595 ·
256 1570 393 1621 ἔστω
441 1569 545 1638 γὰρ
595 1574 686 1622 ἴσα
732 1570 798 1623 τὰ
844 1572 965 1639 ΒΓ,
1007 1572 1135 1639 ΓΔ,
1175 1574 1311 1639 ΛΖ,
1359 1572 1503 1640 ὄμμα
1550 1567 1611 1624 δὲ
1661 1572 1722 1624 τὸ
1770 1574 1838 1639 Κ,

144 1655 244 1727 ἀφ’
279 1654 347 1711 οὗ
384 1657 876 1730 προσπιπτέτωσαν
915 1661 1070 1723 ὄψεις
1108 1660 1170 1712 αἱ
1203 1662 1333 1729 ΚΒ,
1365 1662 1490 1729 ΚΓ,
1531 1662 1662 1729 ΚΔ,
1702 1663 1836 1713 ΚΖ·

141 1745 175 1814 ἡ
208 1743 269 1799 δὲ
300 1749 410 1800 ΚΒ
448 1748 588 1817 πρὸς
625 1747 804 1818 ὀρθὰς
838 1750 975 1802 ἔστω
1009 1756 1073 1819 τῇ
1106 1752 1226 1802 ΒΖ.
1290 1747 1406 1803 ἐπεὶ
1439 1745 1542 1803 οὖν
1574 1748 1636 1803 ἐν
1668 1749 1836 1820 ὀρθο-

142 1839 326 1908 γωνίῳ
365 1838 616 1909 τριγώνῳ
656 1845 732 1909 τῷ
766 1840 931 1890 ΚΒΖ
973 1843 1087 1891 ἴσαι
1125 1836 1267 1892 εἰσὶν
1306 1840 1367 1891 αί
1401 1841 1523 1907 ΒΓ,
1556 1841 1674 1908 ΓΔ,
1707 1843 1836 1908 ΔΖ,

53 1937 109 1977 20
141 1927 338 1994 μείζων
379 1924 528 1979 ἐστὶν
568 1925 601 1994 ἡ
641 1923 742 1995 μὲν
781 1931 834 1980 Ε
873 1930 1048 1995 γωνία
1087 1935 1183 1997 τῆς
1219 1930 1286 1980 Η
1324 1930 1553 1997 γωνίας,
1602 1927 1635 1996 ἡ
1677 1925 1737 1981 δὲ
1778 1931 1842 1981 Η

136 2017 315 2082 ’γωνία
354 2022 451 2084 τῆς
486 2018 533 2068 Θ
571 2018 790 2083 γωνίας.
852 2019 1036 2086 μεῖζον
1075 2018 1181 2087 ἄρα
1214 2019 1469 2086 φαίνεται
1503 2018 1564 2071 τὸ
1597 2014 1698 2087 μὲν
1728 2019 1841 2070 ΒΓ
1877 1993 1897 2122 ἕ

138 2111 239 2157 τοῦ
279 2106 397 2172 ΓΔ,
436 2104 498 2157 τὸ
538 2101 599 2157 δὲ
641 2107 742 2157 ΓΛ
781 2112 880 2158 τοῦ
918 2109 1045 2159 ΛΖ.
1875 2128 1893 2202 a

953 2297 1016 2352 ε’.
1869 2284 1885 2339 ἶ

189 2447 192 2449 ,
258 2387 334 2439 Τὰ
375 2391 466 2440 ἴσα
503 2386 711 2456 μεγέθη
752 2388 949 2440 ἄνισον
988 2388 1309 2456 διεστηκότα
1350 2389 1515 2441 ἄνισα
1554 2391 1827 2459 φαίνεται,
1869 2374 1904 2463 ⁴3}

49 2486 104 2526 25
136 2473 227 2528 καὶ
266 2478 450 2545 μεῖζον
489 2474 596 2530 αἰεὶ
634 2477 695 2529 τὸ
736 2478 924 2545 ἔγγιον
962 2484 1062 2530 τοῦ
1102 2478 1342 2546 ὄμματος
1380 2479 1646 2547 κείμενον.
1877 2462 1904 2474 ⁴¹

1861 2570 1878 2632 ἱ
1894 2637 1895 2642 ,

178 2737 183 2740 -
256 2717 294 2756 1.
331 2715 412 2757 ΓΔ
443 2739 501 2745 -
534 2716 573 2755 2.
606 2711 678 2770 τό]
712 2711 819 2755 add.
853 2727 912 2756 m.
947 2716 972 2755 2
1005 2726 1047 2756 v.
1152 2716 1192 2756 2.
1227 2711 1346 2768 φημὶ
1379 2711 1458 2771 δή]
1490 2709 1604 2769 λέγω
1636 2727 1678 2756 v.
1783 2717 1819 2758 7.

133 2772 250 2827 πρός
273 2798 331 2805 -
355 2776 395 2816 8.
431 2770 616 2830 ὁρᾶται]
649 2785 737 2816 om.
771 2786 814 2828 p.
915 2775 956 2815 8.
992 2768 1152 2816 ἐκείνω
1184 2786 1226 2827 v,
1260 2770 1342 2814 sed
1374 2784 1487 2815 corr.
1587 2775 1654 2815 10.
1688 2786 1821 2828 γενο-
1867 2769 1871 2778 ’

135 2829 277 2888 μένου
308 2846 351 2887 v,
385 2833 434 2875 et
463 2831 519 2888 V,
553 2830 635 2875 sed
667 2844 779 2874 corr.
813 2846 871 2874 m.
905 2844 994 2875 rec.
1128 2835 1195 2874 13.
1229 2829 1572 2890 διαστημάτων]
1605 2834 1821 2888 μεγεθῶν
1849 2855 1861 2892 4

132 2905 192 2935 m.
226 2904 314 2934 reo.
348 2890 403 2935 V.
514 2894 581 2935 16.
615 2890 729 2934 Post
761 2889 838 2934 ἴσα
870 2890 976 2934 add.
1010 2887 1187 2948 μεγέθη
1219 2904 1278 2934 m.
1312 2903 1400 2934 rec.
1434 2889 1488 2934 V.
1606 2894 1674 2934 22.
1707 2889 1822 2934 Post
