1904 3184
158 75 268 128 304
814 79 1199 122 CATOPTRIOA.

159 195 260 267 μὲν
284 201 342 250 Κ
369 196 457 251 ἐπὶ
490 205 588 251 τοῦ
619 202 701 266 M,
740 199 802 251 τὸ
835 195 896 251 δὲ
919 202 985 251 Ν
1017 196 1105 252 ἐπὶ
1135 205 1236 251 τοῦ
1261 202 1334 251 Λ·
1375 199 1513 251 ὥστε
1545 197 1845 269 ἀνεστραμ-

159 285 296 356 μένα
334 290 605 357 φαίνεται.
679 287 848 340 πάλιν
888 285 975 340 ἐπὶ
1012 294 1112 340 τοῦ
1154 287 1306 350 ἐκτὸς
1348 295 1445 356 τῆς
1482 289 1849 356 συμπτώσεως

159 375 340 439 ὕψους
386 379 640 445 φαίνεται
685 377 747 430 τὸ
794 373 895 446 μὲν
932 382 987 429 A
1033 375 1122 430 ἐπὶ
1167 383 1268 429 τοῦ
1307 380 1387 447 H,
1440 377 1502 430 τὸ
1550 374 1610 429 δὲ
1657 381 1710 429 Ε
1759 376 1846 430 ἐπὶ

162 471 261 517 τοῦ
306 469 368 533 Θ,
410 465 484 527 ὡς
522 468 646 534 ἔχει,
686 465 863 529 οὕτως
893 469 1164 536 φαίνεται.

103 563 129 603 5
272 554 440 607 πάλιν
493 554 673 623 βάθος
725 552 826 624 μὲν
870 556 932 608 τὸ
980 559 1096 608 ΔΕ
1144 553 1236 607 καὶ
1283 557 1418 622 ΚΘ,
1473 557 1741 625 ἔνοπτρον
1788 553 1848 608 δὲ

160 647 352 696 κοῖλον
389 644 451 696 τὸ
491 649 545 696 A
557 646 624 712 Γ,
672 645 817 714 ὄμμα
856 642 917 697 δὲ
955 645 1017 698 τὸ
1057 647 1130 713 B,
1177 645 1330 707 ὄψεις
1369 640 1429 696 δὲ
1467 643 1847 714 ἆνακλώμεναι

160 729 252 784 καὶ
307 735 714 803 συμπίπτουσαι
768 734 904 786 κατὰ
958 734 1019 786 τὸ
1071 737 1130 786 Ζ.
1219 732 1426 786 οὐκοῦν
1472 732 1848 802 ἐκβληθεισῶν

164 1853 277 1897 τῶν
299 1842 483 1908 ὄψεων
515 1843 717 1913 ὁμοίως
744 1843 810 1895 τὰ
840 1839 942 1912 μὲν
965 1845 1033 1911 K,
1062 1846 1110 1896 Θ
1139 1844 1395 1912 φαίνεται
1420 1843 1849 1916 ἀνεστραμμένα,

165 1933 228 1986 τὸ
267 1929 372 2002 μὲν,
405 1935 463 1985 Κ
504 1933 641 1985 κατὰ
678 1933 740 1986 τὸ
783 1934 853 2000 Γ,
899 1932 961 1984 τὸ
1002 1929 1062 1984 δὲ
1105 1936 1153 1986 Θ
1197 1935 1334 1987 κατὰ
1371 1934 1434 1987 τὸ
1474 1939 1551 2003 A,
1598 1934 1848 2005 καθάπερ

80 2037 136 2078 10
168 2021 228 2075 ἐν
264 2031 381 2085 τοῖς
420 2019 695 2083 ἐπιπέδοις
733 2018 825 2073 καὶ
863 2030 1086 2091 κυρτοῖς
1124 2019 1432 2092 ἐνόπτροις,
1477 2022 1544 2075 τὰ
1583 2019 1644 2075 δὲ
1683 2027 1754 2092 A,
1785 2026 1850 2092 E,

165 2111 417 2182 καθάπερ
448 2109 541 2163 καὶ
573 2113 739 2179 ἔστιν,
778 2111 839 2163 τὸ
871 2107 974 2180 μὲν
996 2114 1049 2163 Ε
1076 2111 1222 2164 κάτω
1253 2112 1391 2164 κατὰ
1421 2112 1483 2165 τὸ
1510 2116 1579 2180 A,
1618 2113 1680 2165 τὸ
1712 2108 1774 2165 δὲ
1795 2116 1850 2164 A

167 2201 282 2253 ἅνω
320 2199 458 2252 κατὰ
496 2199 558 2251 τὸ
600 2201 658 2252 Γ.

966 2271 1060 2342 ιβ’.

287 2364 365 2416 Τὰ
410 2362 615 2431 πλάγια
660 2364 802 2431 μήκη
851 2362 956 2415 ἀπὸ
1003 2372 1116 2415 τῶν
1153 2365 1357 2416 κοίλων
1396 2363 1702 2434 ἐνόπτρων,
1749 2363 1851 2416 ὅσα

83 2469 138 2509 15
168 2449 269 2522 μὲν
316 2451 470 2514 ἐντὸς
522 2459 618 2520 τῆς
664 2452 1031 2520 συμπτώσεως
1075 2461 1248 2504 κεῖται
1294 2461 1407 2505 τῶν
1453 2453 1659 2521 ὄψεων,
1712 2458 1850 2505 καθ-

288 2587 326 2627 1.
358 2589 440 2627 τοῦ
467 2582 766 2640 (utrumque)]
798 2581 850 2626 τό
882 2583 943 2627 M.
1066 2580 1444 2639 ἀπεστραμμένα
1475 2583 1537 2627 Μ.
1672 2587 1712 2628 3.
1745 2590 1828 2627 τοῦ

166 2641 218 2686 τό
248 2642 310 2687 Μ.
433 2646 472 2685 4.
505 2642 608 2700 τοῦ]
639 2640 691 2685 τό
723 2641 783 2685 Μ.
881 2642 960 2700 ὡς]
994 2640 1106 2686 ὥστε
1138 2642 1199 2693 ὡς
1227 2657 1288 2699 m,
1321 2643 1382 2692 ὡς
1413 2639 1500 2686 οὖν
1531 2643 1592 2687 Μ.
1685 2640 1830 2693 οὕτως

168 2699 286 2746 οὕτω
317 2717 385 2758 m,
427 2699 545 2745 οὕτω
576 2698 658 2745 καί
688 2700 749 2745 Μ.
902 2707 942 2746 5.
977 2700 1045 2758 ιη’
1071 2701 1164 2746 Vv.
1301 2700 1442 2746 πάλιν
1476 2728 1531 2734 -
1565 2707 1634 2746 12.
1670 2702 1738 2760 Γ]
1770 2702 1851 2746 καὶ

169 2760 246 2804 ἐπὶ
275 2769 367 2806 τῶν
398 2762 566 2819 βαθῶν
599 2757 767 2816 ὁμοίως
804 2760 833 2818 ἡ
867 2760 985 2816 αὐτή
1017 2759 1140 2805 ἐστιν
1171 2759 1411 2813 ἀπόδειξις
1448 2775 1508 2805 m.
1661 2767 1700 2805 6.
1732 2763 1825 2804 ΑΓ

167 2825 255 2864 ΑΔ
286 2821 347 2865 Μ.
471 2824 511 2864 9.
548 2821 614 2878 Γ]
646 2824 688 2863 A
719 2819 780 2864 M.
905 2825 973 2864 11.
1010 2819 1102 2863 ἔστι
1132 2820 1193 2864 Μ.
1307 2821 1364 2878 A]
1398 2823 1447 2863 H
1474 2820 1536 2864 Μ.
1659 2824 1726 2864 13.
1761 2819 1826 2878 ιβ’

169 2879 243 2923 ΜΨ
270 2880 362 2924 Vv.
487 2883 554 2924 15.
587 2879 755 2937 κεῖται]
786 2882 1035 2935 θεωρεῖται
1066 2880 1127 2924 Μ.
1249 2886 1341 2924 τῶν
1374 2878 1530 2937 ὄψεων
1561 2886 1710 2924 κεῖται
1739 2894 1799 2922 m.
