1904 3184
181 140 256 193 50
752 137 1037 180 EUOLmIS
1070 137 1302 179 OPTICA.

294 267 458 313 τοῦτο
499 255 560 311 δὲ
597 259 658 311 τὸ
697 257 962 327 θεώρημα
1001 255 1194 324 γέγονε
1231 256 1369 326 πρὸς
1407 257 1536 317 τοὺς
1566 256 1782 318 κώνους
1816 275 1874 309 τε

181 347 276 403 καὶ
315 351 446 412 τοὺς
482 348 833 417 κυλίνδρους.
895 345 992 399 ἐὰν
1030 346 1134 415 γὰρ
1169 345 1274 398 ἀπὸ
1306 354 1418 398 τῶν
1449 348 1514 413 Β,
1545 349 1598 397 Ε
1634 348 1876 414 σημείων

186 438 405 508 ἀχθῶσι
451 438 589 508 πρὸς
635 436 810 506 ὀρθὰς
857 436 920 488 αἱ
961 433 1193 505 πλευραὶ
1239 444 1350 488 τῶν
1388 435 1730 504 κυλίνδρων,
1778 433 1874 503 ἐφ-

186 527 423 593 άψονται
471 527 678 594 αὐτῶν,
731 522 864 577 καθ’
907 523 935 576 ὃ
982 522 1146 594 μέρος
1193 522 1284 576 καὶ
1339 524 1411 580 αὗ.
1443 522 1657 585 ἀκτῖνες
1701 536 1875 594 προσ-

128 628 155 668 5
186 619 472 683 πίπτουσι,
532 611 624 667 καὶ
682 612 1174 681 ἀποκλεισθήσεται
1226 613 1287 665 τὸ
1342 615 1514 664 ΒΔΕ
1564 610 1728 682 μέρος
1779 619 1877 680 τῆς

185 708 380 774 ὄψεως,
418 704 840 773 θεωρηθήσεται
874 698 934 754 δὲ
965 702 1026 754 τὸ
1059 705 1168 754 ΒΕ
1202 699 1366 771 μέρος
1402 708 1499 753 τοῦ
1531 699 1874 770 ἡμικυκλίου.

184 796 247 848 τὸ
287 794 421 847 αὐτὸ
470 794 576 863 ἄρα
615 790 779 862 μέρος
823 788 915 843 καὶ
961 799 1073 843 τῶν
1111 791 1307 843 κώνων
1354 791 1773 860 θεωρηθήσεται
1812 790 1876 843 τὸ

186 886 427 937 ἔλαττον.

972 1055 1088 1110 κθ’.

98 1199 156 1239 10
306 1181 418 1231 Τοῦ
458 1179 697 1247 ὄμματος
734 1175 992 1238 τεθέντος
1031 1177 1217 1243 ἔγγιον
1255 1182 1355 1227 τοῦ
1387 1175 1691 1244 κυλίνδρου
1724 1176 1875 1227 ἔλατ-

186 1287 285 1321 τον
330 1266 431 1336 μέν
478 1265 591 1319 ἐστι
637 1266 699 1318 τὸ
745 1266 1290 1336 περιλαμβανόμενον
1335 1263 1444 1316 ὑπὸ
1484 1273 1596 1316 τῶν
1636 1263 1878 1317 ἀκτίνων

186 1364 288 1410 τοῦ
326 1355 648 1424 κυλίνδρου,
688 1353 833 1418 δόξει
874 1351 934 1406 δὲ
973 1356 1155 1423 μεῖζον
1195 1353 1451 1423 ὁρᾶσθαι.

301 1447 438 1498 ἔστω
476 1444 796 1514 κύλινδρος,
840 1439 907 1496 οὗ
945 1442 1106 1511 βάσις
1142 1439 1243 1512 μὲν
1282 1442 1310 1495 ὁ
1349 1444 1463 1495 ΒΓ
1493 1443 1716 1510 κύκλος,
1755 1439 1875 1495 κέν-

187 1553 322 1605 τρον
369 1530 430 1586 δὲ
467 1534 529 1586 τὸ
569 1537 645 1601 Α,
692 1534 837 1601 ὄμμα
876 1529 937 1584 δὲ
976 1532 1037 1584 τὸ
1078 1535 1149 1599 Ε,
1197 1529 1294 1600 ἀφ’
1331 1527 1398 1584 οὗ
1439 1530 1744 1600 ἐπεζεύχθω
1786 1529 1874 1584 ἐπὶ

102 1642 156 1681 15
187 1624 250 1676 τὸ
303 1620 534 1692 κέντρον
587 1620 620 1689 ἡ
675 1625 810 1689 ΕΑ,
863 1618 955 1673 καὶ
1007 1618 1498 1690 προσπιπτέτωσαν
1551 1619 1766 1682 ἀκτῖνες
1819 1620 1883 1673 αῖ

170 1715 311 1787 ἸΕΒ,
342 1713 463 1779 ΕΓ,
502 1708 594 1763 καὶ
634 1709 969 1778 ἀνήχθωσαν
1009 1708 1114 1762 ἀπὸ
1146 1717 1257 1761 τῶν
1288 1711 1353 1776 Β,
1387 1711 1440 1761 Γ
1471 1711 1709 1778 σημείων
1739 1710 1880 1780 πρὸς

190 1800 367 1871 ὀρθὰς
405 1807 480 1872 τῷ
519 1799 798 1870 κυλίνδρῳ
839 1798 901 1851 αἱ
938 1800 1055 1866 ΓΖ,
1086 1800 1216 1850 ΒΗ.
1294 1797 1387 1850 διὰ
1427 1798 1494 1866 δὴ
1534 1798 1600 1850 τὰ
1638 1800 1877 1869 πρότερα

189 1890 251 1942 τὸ
283 1891 511 1941 ΗΒΓΖ
552 1889 776 1940 ἔλαττόν
817 1886 966 1939 ἐστιν
1004 1886 1450 1957 ἡμικυλινδρίου·
1493 1885 1584 1939 καὶ
1622 1886 1879 1956 βλέπεται

188 1978 298 2031 ὑπὸ
322 1985 421 2030 τοῦ
438 1981 491 2030 Ε
520 1964 772 2047 ὄμματος.
811 1978 1152 2046 μετακείσθω
1177 1976 1245 2044 δὴ
1271 1976 1331 2028 τὸ
1357 1977 1503 2045 ὄμμα
1527 1978 1713 2044 ἔγγιον
1730 1976 1792 2030 τὸ
1814 1980 1877 2029 Θ.

105 2089 161 2128 20
194 2066 360 2136 λέγω,
414 2067 497 2119 ὅτι
543 2067 604 2119 τὸ
658 2066 1204 2135 περιλαμβανόμενον
1248 2065 1356 2118 ὑπὸ
1404 2072 1504 2117 τοῦ
1548 2068 1595 2118 Θ
1640 2067 1879 2134 ὄμματος

192 2157 348 2210 δοκεῖ
381 2162 481 2208 τοῦ
516 2157 748 2207 ΖΓΒΗ
778 2156 961 2223 μεῖζον
999 2156 1303 2222 φαίνεσθαι
1335 2156 1561 2207 ἔλαττον
1593 2154 1764 2206 αὐτοῦ
1797 2155 1877 2207 ὄν.

311 2457 351 2495 4.
391 2446 733 2506 προσπίπτουσῖ
761 2463 828 2503 m,
876 2434 1114 2503 προσπιπῗ
1156 2448 1253 2505 Bv,
1301 2449 1355 2491 ut
1386 2460 1538 2504 saepe.
1692 2452 1729 2491 7.
1769 2444 1877 2505 καί]

190 2512 358 2567 postea
390 2509 497 2554 add.
530 2508 585 2564 V,
627 2521 714 2551 om.
748 2507 845 2562 Bv,
885 2522 944 2551 m.
980 2512 1004 2550 2
1037 2507 1144 2554 Vah.
1277 2515 1369 2551 τῶν
1400 2507 1584 2565 κώνων]
1616 2506 1876 2562 VBVat.v,

190 2578 283 2614 τῶν
315 2570 479 2614 κώνων
510 2568 591 2612 καὶ
621 2575 714 2612 τῶν
745 2563 1004 2622 κυλίνδρων
1036 2567 1239 2624 Vat.¹m,
1274 2573 1357 2610 τοῦ
1389 2564 1638 2622 κυλίνδρου
1669 2581 1728 2610 m.
1763 2571 1788 2609 2
1819 2565 1877 2622 V,

191 2627 453 2684 κυλίνδρων
501 2641 640 2684 supra
688 2639 772 2670 scr.
818 2625 925 2669 Vat.
975 2641 1034 2670 m.
1080 2634 1119 2673 2.
1288 2630 1328 2670 8.
1375 2625 1490 2669 Post
1534 2625 1720 2670 ἔλαττον
1768 2624 1877 2669 add,

195 2708 273 2733 ιω
300 2687 403 2745 ἑξῆς
433 2687 488 2731 V.
642 2691 681 2730 9.
720 2685 828 2788 wfl'}
864 2685 936 2741 Zy'
970 2685 1026 2741 V,
1074 2688 1150 2731 λα’
1183 2687 1343 2731 Vat.v.
1496 2690 1565 2729 10.
1604 2685 1718 2728 Post
1747 2683 1877 2741 prius

94 2755 98 2759 ’
191 2754 274 2791 τοῦ
306 2762 396 2792 ras.
432 2751 455 2790 1
489 2745 581 2789 litt.
616 2745 672 2789 V.
826 2745 977 2803 γγιον]
1012 2759 1123 2791 corr.
1158 2761 1214 2790 ex
1248 2745 1426 2802 ἔγγειον
1457 2745 1513 2800 V,
1544 2743 1660 2788 item
1690 2743 1770 2787 lin.
1806 2747 1874 2787 19.

253 2811 322 2850 14.
357 2806 711 2863 ἐπεζεύχθωσαν
742 2819 784 2848 v.
910 2809 978 2847 16.
1012 2805 1208 2864 ἀνήχθω
1239 2805 1368 2860 Vat.‚
1412 2817 1559 2860 comp.
1592 2804 1642 2847 B.
1763 2802 1876 2860 τῶν]

192 2879 306 2910 corr.
326 2878 382 2908 ex
397 2872 479 2909 τοῦ
498 2865 605 2909 vat.
693 2861 883 2920 σημείου
898 2863 1022 2920 Vat„
1041 2866 1123 2909 sed
1140 2879 1254 2909 corr.
1342 2867 1410 2908 17.
1436 2863 1605 2933 :medvsf
1629 2878 1689 2919 m,
1714 2861 1877 2917 πρότε-

193 2956 278 2996 ρον
309 2938 456 2982 BVat.
596 2942 664 2981 19.
698 2936 749 2980 τό
775 2936 912 2995 (3113)]
943 2945 1025 2982 τοῦ
1057 2953 1117 2982 m.
1258 2942 1327 2982 21.
1366 2937 1579 2994 ΖΓΒΗ]
1615 2938 1807 2979 ΓΖΒΗ
1831 2948 1875 2980 V.
