1904 3184
175 137 247 188 14
749 134 1035 177 EUCLIDIS
1067 135 1296 178 OPTICA.

987 288 1020 336 η
1047 310 1059 320 .

297 361 374 414 Τὰ
423 365 512 428 ἰ’ση
560 356 766 428 μεγέθη
815 355 908 409 καὶ
952 357 1275 427 παράλληλα
1314 358 1510 411 ἄνισον
1548 359 1870 427 διεστηκότα

177 450 282 504 ἀπὸ
307 456 407 503 τοῦ
432 450 673 518 ὄμματος
697 446 798 499 οὐκ
822 445 1107 513 ἀναλόγως
1129 456 1246 508 τοῖς
1270 447 1635 515 διαστήμασιν
1659 446 1868 517 ὁρᾶται.

288 541 424 592 ἔστω
465 537 568 590 δύο
615 533 823 605 μεγέθη
870 535 938 587 τὰ
976 539 1030 586 A
1039 538 1086 586 Β
1098 575 1113 603 ‚
1154 537 1255 587 ΓΔ
1302 537 1498 588 ἄνισον
1548 536 1871 603 διεστηκότα

117 639 142 678 5
175 627 282 680 ἀπὸ
337 633 436 680 τοῦ
484 627 724 695 ὄμματος
770 629 870 675 τοῦ
916 627 979 675 Ε.
1064 622 1230 696 λέγω,
1286 624 1370 676 ὅτι
1418 625 1518 677 οὔκ
1566 623 1740 692 ἐστιν,
1797 624 1872 686 ὡς

175 719 431 786 φαίνεται
470 717 613 783 ἔχον,
653 713 727 775 ὡς
765 712 827 764 τὸ
868 714 922 764 Γ
916 716 971 764 Δ
1008 713 1146 781 πρὸς
1185 714 1246 765 τὸ
1286 717 1414 782 ΑΒ,
1455 713 1631 775 οὕτως
1669 714 1730 766 τὸ
1763 716 1873 765 ΒΕ

173 806 312 876 πρὸς
328 806 389 858 τὸ
407 809 528 858 ΕΔ.
551 820 715 876 προσ-
830 856 902 904 A
1200 865 1253 911 Γ

174 893 521 947 πιπτέτωσαν
609 896 713 966 γὰρ
1272 910 1340 958 Π

175 983 390 1046 ἀκτῖνες
458 984 520 1036 αἱ
574 988 714 1053 ΑΕ,
868 923 1540 1127 ΜΝ

87 1084 142 1123 10
173 1074 307 1141 ΕΓ,
360 1071 452 1126 καὶ
505 1071 712 1146 κέντρῳ

174 1158 275 1230 μὲν
339 1170 415 1234 τῷ
477 1166 531 1215 Ε
596 1163 713 1216 δια-
866 1057 872 1275 l
1175 1097 1204 1271 f
1220 1061 1733 1246 N
1902 1199 1904 1227 ;

174 1252 406 1320 στήματι
494 1249 555 1305 δὲ
638 1260 713 1325 τςό
794 1218 1854 1341 ,Β-ῇ-θΑ---ᾕ--ᾉΕ
1902 1316 1904 1318 q

174 1343 227 1392 E
239 1343 284 1391 Z
360 1341 568 1394 κύκλου
629 1361 714 1409 γε-

175 1429 417 1499 γράφθω
479 1429 800 1502 περιφέρεια
862 1431 895 1499 ἡ
950 1435 1068 1484 ΗΖ
1086 1435 1146 1485 Θ.
1254 1430 1368 1485 ἐπεὶ
1426 1427 1529 1485 οὗν
1583 1431 1644 1484 τὸ
1700 1432 1878 1483 ΕΖΓ
1902 1418 1904 1422 ⁴

89 1526 142 1566 15
174 1521 450 1589 τρίγωνον
488 1527 587 1572 τοῦ
619 1524 799 1573 ΕΖΗ
830 1519 1036 1590 τομέως
1074 1523 1256 1590 μεῖζόν
1296 1520 1463 1589 ἐστιν,
1502 1521 1563 1573 τὸ
1604 1516 1665 1572 δὲ
1696 1523 1867 1572 ΕΖΔ

174 1610 450 1678 τρίγωνον
495 1615 596 1661 τοῦ
635 1613 802 1662 ΕΖΘ
848 1608 1053 1679 τομέως
1100 1612 1326 1663 ἔλαττόν
1373 1609 1547 1678 ἐστιν,
1602 1609 1662 1661 τὸ
1703 1609 1904 1660 ΕΖΓ“

174 1697 283 1768 ἄρα
315 1699 591 1767 τρίγωνον
622 1699 760 1770 πρὸς
790 1699 888 1751 τὸν
912 1702 1093 1751 ΕΖΗ
1115 1697 1280 1768 τομέα
1311 1701 1530 1768 μείζονα
1563 1699 1731 1765 λόγον
1758 1698 1866 1765 ἔχει

173 1786 311 1857 ἤπερ
351 1787 413 1838 τὸ
453 1790 623 1839 ΕΖΔ
669 1789 944 1857 τρίγωνον
989 1788 1128 1858 πρὸς
1170 1788 1268 1840 τὸν
1306 1791 1473 1840 ΕΖΘ
1518 1785 1698 1856 τομέα.
1774 1783 1867 1838 καὶ
1901 1853 1904 1858 ¹

175 1873 406 1939 ἐναλλὰξ
453 1876 514 1928 τὸ
562 1878 732 1928 ΕΖΓ
770 1879 1044 1947 τρίγωνον
1090 1877 1228 1946 πρὸς
1273 1877 1334 1929 τὸ
1382 1879 1545 1929 ΕΖΔ
1591 1878 1866 1943 τρίγωνον

85 1973 142 2012 20
174 1967 394 2034 μείζονα
448 1966 616 2032 λόγον
671 1966 779 2033 ἔχει
832 1966 967 2036 ἥπερ
1024 1965 1053 2019 ὁ
1100 1968 1282 2018 ΕΖΗ
1328 1967 1525 2035 τομεὺς
1576 1965 1715 2036 πρὸς
1767 1965 1865 2018 τὸν

173 2057 340 2106 ΕΖΘ
378 2052 560 2123 τομέα,
598 2051 691 2106 καὶ
725 2052 993 2107 συνθέντι
1030 2055 1092 2107 τὸ
1124 2057 1284 2107 ΕΓΔ
1322 2057 1596 2124 τρίγωνον
1633 2054 1771 2123 πρὸς
1801 2054 1893 2122 τὸ4

174 2145 336 2194 ΕΖΔ
381 2144 655 2213 τρίγωνον
694 2145 912 2211 μείζονα
952 2145 1120 2211 λόγον
1159 2146 1266 2212 ἔχει
1305 2144 1442 2213 ἥπερ
1482 2142 1511 2196 ὁ
1552 2145 1676 2195 EH
1681 2146 1728 2194 Θ
1773 2161 1862 2194 το-
1899 2143 1901 2145 ’

174 2233 307 2300 μεὺς
351 2232 490 2301 πρὸς
535 2232 632 2284 τὸν
670 2235 836 2284 ΕΖΘ
881 2231 1061 2301 τομέα.
1146 2230 1268 2285 ἀλλ’
1305 2232 1379 2295 ὡς
1417 2233 1477 2284 τὸ
1518 2234 1688 2284 ΕΔΓ
1725 2232 1863 2301 πρὸς

174 2321 236 2374 τὸ
275 2324 438 2373 ΕΖΔ
476 2323 766 2392 τρίγωνον,
806 2321 981 2382 οὕτως
1019 2321 1051 2389 ἡ
1094 2323 1194 2373 ΓΔ
1230 2322 1368 2392 πρὸς
1405 2322 1506 2389 τὴν
1540 2325 1595 2373 Δ
1607 2324 1666 2373 Ζ.
1728 2319 1761 2388 ἡ
1803 2316 1863 2372 δὲ

86 2416 142 2456 25
177 2412 280 2462 ΓΔ
318 2418 384 2480 τῇ
423 2413 532 2462 ΑΒ
573 2408 722 2462 ἐστιν
762 2413 876 2478 ἴση,
930 2407 1022 2461 καὶ
1070 2409 1144 2471 ὡς
1189 2408 1222 2477 ἡ
1262 2412 1372 2461 ΑΒ
1418 2409 1557 2478 πρὸς
1594 2410 1696 2477 τὴν
1734 2411 1862 2477 ΔΖ,

176 2498 209 2566 ἡ
241 2502 351 2551 ΒΕ
385 2499 524 2569 πρὸς
561 2499 662 2567 τὴν
692 2502 811 2551 ΕΔ.
866 2497 899 2566 ἡ
925 2501 1035 2550 ΒΕ
1069 2499 1176 2569 ἄρα
1206 2499 1344 2569 πρὸς
1374 2499 1475 2566 τὴν
1502 2501 1607 2550 ΕΔ
1644 2499 1863 2566 μείζονα

177 2590 345 2655 λόγον
376 2590 484 2656 ἔχει
515 2588 651 2658 ἥπερ
684 2587 713 2640 ὁ
746 2590 868 2639 ΕΗ
875 2591 922 2639 Θ
959 2589 1155 2655 τομεὺς
1185 2587 1323 2657 πρὸς
1352 2587 1451 2639 τὸν
1481 2590 1534 2638 Ε
1542 2589 1647 2638 ΖΘ
1680 2585 1875 2658 τομέα.Ἰ

177 2675 250 2738 ὡς
290 2673 350 2728 δὲ
389 2675 418 2730 ὁ
459 2677 655 2745 τομεὺς
700 2675 838 2745 πρὸς
883 2675 981 2727 τὸν
1019 2673 1208 2744 τομέα,
1255 2674 1430 2736 οὕτως
1468 2674 1500 2741 ἡ
1540 2674 1647 2727 ὑπὸ
1687 2677 1863 2727 ΗΕΘ
1902 2662 1904 2728 ὲ

175 2767 350 2831 γωνιά
409 2764 548 2835 πρὸς
606 2765 708 2833 τὴν
766 2763 874 2816 ὑπὸ
940 2768 1102 2817 ΖΕΘ
1162 2766 1385 2832 γωνίαν.
1493 2763 1526 2832 ἡ
1587 2766 1697 2815 ΒΕ
1754 2764 1861 2831 ἄρα
1900 2731 1904 2814 ‚i

298 2885 335 2923 1.
370 2880 442 2938 η’]
476 2880 534 2924 θ’
569 2880 702 2924 codd.
802 2884 842 2924 4.
880 2881 978 2937 ΓΔ]
1013 2893 1125 2924 corr.
1160 2893 1216 2923 ex
1248 2882 1340 2923 ΒΓ
1364 2879 1533 2935 ΒἾειίῑ.,
1568 2882 1660 2922 ΒΓ
1683 2894 1724 2923 v.
1817 2882 1858 2923 6.

176 2940 255 2997 ὡς]
290 2953 377 2983 om.
410 2939 723 2984 VBVat.mv.
856 2944 894 2983 7.
928 2937 1249 2995 προσπιπτέτω
1280 2939 1357 2982 Bv
1389 2940 1437 2982 et
1467 2938 1589 2995 Vat„
1631 2938 1713 2982 sed
1744 2951 1856 2982 corr.
1894 2992 1896 2996 ,

1892 3042 1896 3076 1
