<?xml version="1.0" encoding="UTF-8"?>
<!DOCTYPE html PUBLIC "-//W3C//DTD XHTML 1.0 Transitional//EN"
    "http://www.w3.org/TR/xhtml1/DTD/xhtml1-transitional.dtd">
<html xmlns="http://www.w3.org/1999/xhtml" xml:lang="en" lang="en">
 <head>
  <title>
</title>
<meta http-equiv="Content-Type" content="text/html;charset=utf-8" />
  <meta name='ocr-system' content='tesseract 3.04.00' />
  <meta name='ocr-capabilities' content='ocr_page ocr_carea ocr_par ocr_line ocrx_word'/>
</head>
<body>
  <div class='ocr_page' id='page_1' title='image "./euclidisoperaomn07eucluoft_0304.png"; bbox 0 0 1904 3184; ppageno 0'>
   <div class='ocr_carea' id='block_1_1' title="bbox 162 1022 218 1063">
    <p class='ocr_par' dir='ltr' id='par_1_1' title="bbox 162 1022 218 1063">
     <span class='ocr_line' id='line_1_1' title="bbox 162 1022 218 1063; baseline 0.018 -1"><span class='ocrx_word' id='word_1_1' title='bbox 162 1022 218 1063; x_wconf 91' lang='grc'><strong><em>10</em></strong></span> 
     </span>
    </p>
   </div>
   <div class='ocr_carea' id='block_1_2' title="bbox 161 1525 216 1567">
    <p class='ocr_par' dir='ltr' id='par_1_2' title="bbox 161 1525 216 1567">
     <span class='ocr_line' id='line_1_2' title="bbox 161 1525 216 1567; baseline 0.036 -2"><span class='ocrx_word' id='word_1_2' title='bbox 161 1525 216 1567; x_wconf 82' lang='grc'><strong><em>15</em></strong></span> 
     </span>
    </p>
   </div>
   <div class='ocr_carea' id='block_1_3' title="bbox 157 2045 216 2085">
    <p class='ocr_par' dir='ltr' id='par_1_3' title="bbox 157 2045 216 2085">
     <span class='ocr_line' id='line_1_3' title="bbox 157 2045 216 2085; baseline 0 0"><span class='ocrx_word' id='word_1_3' title='bbox 157 2045 216 2085; x_wconf 82' lang='grc'><strong><em>20</em></strong></span> 
     </span>
    </p>
   </div>
   <div class='ocr_carea' id='block_1_4' title="bbox 159 2505 216 2545">
    <p class='ocr_par' dir='ltr' id='par_1_4' title="bbox 159 2505 216 2545">
     <span class='ocr_line' id='line_1_4' title="bbox 159 2505 216 2545; baseline 0.018 -1"><span class='ocrx_word' id='word_1_4' title='bbox 159 2505 216 2545; x_wconf 83' lang='grc'><strong><em>25</em></strong></span> 
     </span>
    </p>
   </div>
   <div class='ocr_carea' id='block_1_5' title="bbox 250 88 1590 141">
    <p class='ocr_par' dir='ltr' id='par_1_5' title="bbox 250 88 1590 141">
     <span class='ocr_line' id='line_1_5' title="bbox 250 88 1590 141; baseline 0.001 -7"><span class='ocrx_word' id='word_1_5' title='bbox 250 88 362 141; x_wconf 81' lang='grc'><strong><em>242</em></strong></span> <span class='ocrx_word' id='word_1_6' title='bbox 601 91 952 134; x_wconf 85' lang='lat' dir='ltr'>OPTICORUM</span> <span class='ocrx_word' id='word_1_7' title='bbox 981 92 1279 136; x_wconf 83' lang='lat' dir='ltr'>RECENSIO</span> <span class='ocrx_word' id='word_1_8' title='bbox 1310 93 1590 137; x_wconf 77' lang='lat' dir='ltr'><strong>THEONIS.</strong></span> 
     </span>
    </p>
   </div>
   <div class='ocr_carea' id='block_1_6' title="bbox 249 208 1904 1082">
    <p class='ocr_par' dir='ltr' id='par_1_6' title="bbox 249 208 1904 1082">
     <span class='ocr_line' id='line_1_6' title="bbox 363 208 1904 282; baseline 0.003 -19"><span class='ocrx_word' id='word_1_9' title='bbox 363 212 499 263; x_wconf 88' lang='grc' dir='ltr'><strong><em>ἔστω</em></strong></span> <span class='ocrx_word' id='word_1_10' title='bbox 538 211 644 281; x_wconf 81' lang='grc' dir='ltr'><strong><em>γὰρ</em></strong></span> <span class='ocrx_word' id='word_1_11' title='bbox 684 211 830 280; x_wconf 91' lang='grc' dir='ltr'><strong><em>ὄμμα</em></strong></span> <span class='ocrx_word' id='word_1_12' title='bbox 867 211 929 264; x_wconf 93' lang='grc' dir='ltr'><strong><em>τὸ</em></strong></span> <span class='ocrx_word' id='word_1_13' title='bbox 970 215 1044 280; x_wconf 94' lang='grc' dir='ltr'><strong><em>Β,</em></strong></span> <span class='ocrx_word' id='word_1_14' title='bbox 1085 210 1184 280; x_wconf 81' lang='grc' dir='ltr'><strong><em>ἀφ’</em></strong></span> <span class='ocrx_word' id='word_1_15' title='bbox 1220 208 1287 266; x_wconf 87' lang='grc' dir='ltr'><strong><em>οὗ</em></strong></span> <span class='ocrx_word' id='word_1_16' title='bbox 1326 212 1592 282; x_wconf 80' lang='grc' dir='ltr'><em>ἤχθωσαν</em></span> <span class='ocrx_word' id='word_1_17' title='bbox 1632 212 1844 278; x_wconf 81' lang='grc' dir='ltr'><em>ἀκτῖνες</em></span> <span class='ocrx_word' id='word_1_18' title='bbox 1881 235 1904 267; x_wconf 79' lang='grc' dir='ltr'><strong><em>ο</em></strong></span> 
     </span>
     <span class='ocr_line' id='line_1_7' title="bbox 250 297 1206 370; baseline 0.001 -18"><span class='ocrx_word' id='word_1_19' title='bbox 250 302 380 368; x_wconf 91' lang='grc' dir='ltr'><strong><em>ΒΓ,</em></strong></span> <span class='ocrx_word' id='word_1_20' title='bbox 411 303 541 368; x_wconf 90' lang='grc' dir='ltr'><strong><em>ΒΔ,</em></strong></span> <span class='ocrx_word' id='word_1_21' title='bbox 572 302 703 367; x_wconf 92' lang='grc' dir='ltr'><strong><em>ΒΖ,</em></strong></span> <span class='ocrx_word' id='word_1_22' title='bbox 751 299 1003 370; x_wconf 81' lang='grc' dir='ltr'><strong><em>ὁρώμενα</em></strong></span> <span class='ocrx_word' id='word_1_23' title='bbox 1042 297 1102 353; x_wconf 72' lang='grc' dir='ltr'><strong><em>δὲ</em></strong></span> <span class='ocrx_word' id='word_1_24' title='bbox 1140 301 1206 353; x_wconf 81' lang='grc' dir='ltr'><strong><em>τὰ</em></strong></span> 
     </span>
     <span class='ocr_line' id='line_1_8' title="bbox 251 388 1207 459; baseline 0 -17"><span class='ocrx_word' id='word_1_25' title='bbox 251 392 326 457; x_wconf 88' lang='lat' dir='ltr'><strong><em>K,</em></strong></span> <span class='ocrx_word' id='word_1_26' title='bbox 374 391 441 442; x_wconf 88' lang='lat' dir='ltr'><strong><em>A.</em></strong></span> <span class='ocrx_word' id='word_1_27' title='bbox 540 388 748 442; x_wconf 86' lang='grc' dir='ltr'><strong><em>οὐκοῦν</em></strong></span> <span class='ocrx_word' id='word_1_28' title='bbox 807 396 906 442; x_wconf 85' lang='grc' dir='ltr'><strong><em>τοῦ</em></strong></span> <span class='ocrx_word' id='word_1_29' title='bbox 967 391 1207 459; x_wconf 80' lang='grc' dir='ltr'><strong><em>ὄμματος</em></strong></span> 
     </span>
     <span class='ocr_line' id='line_1_9' title="bbox 249 476 1526 548; baseline -0.002 -18"><span class='ocrx_word' id='word_1_30' title='bbox 249 476 708 548; x_wconf 77' lang='grc' dir='ltr'><strong><em>παραφερομένου</em></strong></span> <span class='ocrx_word' id='word_1_31' title='bbox 775 478 914 548; x_wconf 89' lang='grc' dir='ltr'><strong><em>πρὸς</em></strong></span> <span class='ocrx_word' id='word_1_32' title='bbox 980 487 1097 541; x_wconf 82' lang='grc' dir='ltr'><strong><em>τοῖς</em></strong></span> <span class='ocrx_word' id='word_1_33' title='bbox 1162 481 1216 531; x_wconf 95' lang='grc' dir='ltr'><em>Γ</em></span> <span class='ocrx_word' id='word_1_34' title='bbox 1303 481 1526 539; x_wconf 63' lang='lat' dir='ltr'><strong><em>K—</em></strong></span> 
     </span>
     <span class='ocr_line' id='line_1_10' title="bbox 251 566 1209 638; baseline 0 -18"><span class='ocrx_word' id='word_1_35' title='bbox 251 566 436 638; x_wconf 82' lang='grc' dir='ltr'><strong><em>μέρεσι</em></strong></span> <span class='ocrx_word' id='word_1_36' title='bbox 460 572 670 620; x_wconf 82' lang='grc' dir='ltr'><strong><em>θᾶττον</em></strong></span> <span class='ocrx_word' id='word_1_37' title='bbox 693 567 1123 637; x_wconf 80' lang='grc' dir='ltr'><strong><em>παρελεύσονται</em></strong></span> <span class='ocrx_word' id='word_1_38' title='bbox 1148 568 1209 620; x_wconf 78' lang='grc' dir='ltr'><strong><em>αἱ</em></strong></span> 
     </span>
     <span class='ocr_line' id='line_1_11' title="bbox 250 654 1206 726; baseline -0.001 -16"><span class='ocrx_word' id='word_1_39' title='bbox 250 657 404 720; x_wconf 87' lang='grc' dir='ltr'><strong><em>ὄψεις</em></strong></span> <span class='ocrx_word' id='word_1_40' title='bbox 441 657 502 709; x_wconf 92' lang='grc' dir='ltr'><strong><em>τὸ</em></strong></span> <span class='ocrx_word' id='word_1_41' title='bbox 539 658 597 708; x_wconf 90' lang='grc' dir='ltr'><strong><em>Κ</em></strong></span> <span class='ocrx_word' id='word_1_42' title='bbox 636 657 772 726; x_wconf 77' lang='grc' dir='ltr'><strong><em>ἤπερ</em></strong></span> <span class='ocrx_word' id='word_1_43' title='bbox 819 657 881 709; x_wconf 91' lang='grc' dir='ltr'><strong><em>τὸ</em></strong></span> <span class='ocrx_word' id='word_1_44' title='bbox 921 659 987 709; x_wconf 94' lang='grc' dir='ltr'><strong><em>Λ.</em></strong></span> <span class='ocrx_word' id='word_1_45' title='bbox 1061 654 1206 720; x_wconf 80' lang='grc' dir='ltr'><strong><em>δόξει</em></strong></span> 
     </span>
     <span class='ocr_line' id='line_1_12' title="bbox 250 742 1205 815; baseline 0 -17"><span class='ocrx_word' id='word_1_46' title='bbox 250 746 357 815; x_wconf 78' lang='grc' dir='ltr'><strong><em>ἄρα</em></strong></span> <span class='ocrx_word' id='word_1_47' title='bbox 394 746 456 799; x_wconf 93' lang='grc' dir='ltr'><strong><em>τὸ</em></strong></span> <span class='ocrx_word' id='word_1_48' title='bbox 495 747 553 797; x_wconf 87' lang='grc' dir='ltr'><strong><em>Κ</em></strong></span> <span class='ocrx_word' id='word_1_49' title='bbox 583 745 1000 814; x_wconf 86' lang='grc' dir='ltr'><strong><em>ὑπολείπεσθαι,</em></strong></span> <span class='ocrx_word' id='word_1_50' title='bbox 1042 746 1104 798; x_wconf 93' lang='grc' dir='ltr'><strong><em>τὸ</em></strong></span> <span class='ocrx_word' id='word_1_51' title='bbox 1145 742 1205 798; x_wconf 76' lang='grc' dir='ltr'><strong><em>δὲ</em></strong></span> 
     </span>
     <span class='ocr_line' id='line_1_13' title="bbox 250 833 1205 905; baseline 0 -18"><span class='ocrx_word' id='word_1_52' title='bbox 250 837 303 887; x_wconf 93' lang='grc' dir='ltr'><em>Λ</em></span> <span class='ocrx_word' id='word_1_53' title='bbox 371 835 449 897; x_wconf 84' lang='grc' dir='ltr'><strong><em>είς</em></strong></span> <span class='ocrx_word' id='word_1_54' title='bbox 515 834 845 888; x_wconf 87' lang='grc' dir='ltr'><strong><em>τούναντίον</em></strong></span> <span class='ocrx_word' id='word_1_55' title='bbox 916 833 1205 905; x_wconf 82' lang='grc' dir='ltr'><strong><em>φέρεσθαι,</em></strong></span> 
     </span>
     <span class='ocr_line' id='line_1_14' title="bbox 249 921 1203 996; baseline 0 -20"><span class='ocrx_word' id='word_1_56' title='bbox 249 921 534 976; x_wconf 90' lang='grc' dir='ltr'><strong><em>τουτέστιν</em></strong></span> <span class='ocrx_word' id='word_1_57' title='bbox 580 923 654 987; x_wconf 82' lang='grc' dir='ltr'><strong><em>ὡς</em></strong></span> <span class='ocrx_word' id='word_1_58' title='bbox 699 921 787 977; x_wconf 82' lang='grc' dir='ltr'><strong><em>ε’πὶ</em></strong></span> <span class='ocrx_word' id='word_1_59' title='bbox 832 923 899 976; x_wconf 80' lang='grc' dir='ltr'><strong><em>τὰ</em></strong></span> <span class='ocrx_word' id='word_1_60' title='bbox 944 924 1083 995; x_wconf 86' lang='grc' dir='ltr'><strong><em>πρὸς</em></strong></span> <span class='ocrx_word' id='word_1_61' title='bbox 1128 931 1203 996; x_wconf 80' lang='grc' dir='ltr'><strong><em>τςό</em></strong></span> 
     </span>
     <span class='ocr_line' id='line_1_15' title="bbox 252 1011 1741 1082; baseline -0.005 -16"><span class='ocrx_word' id='word_1_62' title='bbox 252 1016 296 1065; x_wconf 94' lang='grc' dir='ltr'>Ζ</span> <span class='ocrx_word' id='word_1_63' title='bbox 335 1011 486 1082; x_wconf 87' lang='grc' dir='ltr'><strong><em>μέρη.</em></strong></span> <span class='ocrx_word' id='word_1_64' title='bbox 1680 1011 1741 1059; x_wconf 88' lang='grc' dir='ltr'><em>Β</em></span> 
     </span>
    </p>
   </div>
   <div class='ocr_carea' id='block_1_7' title="bbox 1493 370 1904 429">
    <p class='ocr_par' dir='ltr' id='par_1_7' title="bbox 1493 370 1904 429">
     <span class='ocr_line' id='line_1_16' title="bbox 1493 370 1904 429; baseline 0.024 -10"><span class='ocrx_word' id='word_1_65' title='bbox 1493 375 1556 419; x_wconf 84' lang='grc' dir='ltr'><strong><em>Γ</em></strong></span> <span class='ocrx_word' id='word_1_66' title='bbox 1711 370 1751 425; x_wconf 93' lang='grc' dir='ltr'><em>Δ</em></span> <span class='ocrx_word' id='word_1_67' title='bbox 1881 382 1904 429; x_wconf 72' lang='lat'>2</span> 
     </span>
    </p>
   </div>
   <div class='ocr_carea' id='block_1_8' title="bbox 1297 626 1556 675">
    <p class='ocr_par' dir='ltr' id='par_1_8' title="bbox 1297 626 1556 675">
     <span class='ocr_line' id='line_1_17' title="bbox 1297 626 1556 675; baseline 0 -41"><span class='ocrx_word' id='word_1_68' title='bbox 1297 626 1556 675; x_wconf 55' lang='lat' dir='ltr'><strong><em>A—-</em></strong></span> 
     </span>
    </p>
   </div>
   <div class='ocr_carea' id='block_1_9' title="bbox 247 1166 1904 2567">
    <p class='ocr_par' dir='ltr' id='par_1_9' title="bbox 247 1166 1904 2575">
     <span class='ocr_line' id='line_1_18' title="bbox 1046 1166 1144 1199; baseline 0 0"><span class='ocrx_word' id='word_1_69' title='bbox 1046 1166 1106 1199; x_wconf 94' lang='grc' dir='ltr'><strong><em>νε</em></strong></span> <span class='ocrx_word' id='word_1_70' title='bbox 1133 1187 1144 1199; x_wconf 91' lang='grc'><strong>.</strong></span> 
     </span>
     <span class='ocr_line' id='line_1_19' title="bbox 369 1243 1904 1335; baseline 0.002 -32"><span class='ocrx_word' id='word_1_71' title='bbox 369 1250 446 1303; x_wconf 93' lang='grc' dir='ltr'><strong><em>Τα</em></strong></span> <span class='ocrx_word' id='word_1_72' title='bbox 485 1249 828 1320; x_wconf 83' lang='grc' dir='ltr'><strong><em>αὐξανόμενα</em></strong></span> <span class='ocrx_word' id='word_1_73' title='bbox 867 1259 980 1303; x_wconf 81' lang='grc' dir='ltr'><strong><em>τῶν</em></strong></span> <span class='ocrx_word' id='word_1_74' title='bbox 1017 1255 1273 1320; x_wconf 76' lang='grc' dir='ltr'><strong><em>μεγεθῶν</em></strong></span> <span class='ocrx_word' id='word_1_75' title='bbox 1312 1253 1500 1319; x_wconf 81' lang='grc' dir='ltr'><strong><em>ἔγγιον</em></strong></span> <span class='ocrx_word' id='word_1_76' title='bbox 1539 1252 1694 1305; x_wconf 82' lang='grc' dir='ltr'><strong><em>δοκεῖ</em></strong></span> <span class='ocrx_word' id='word_1_77' title='bbox 1727 1260 1802 1325; x_wconf 75' lang='grc' dir='ltr'><strong><em>τῷ</em></strong></span> <span class='ocrx_word' id='word_1_78' title='bbox 1843 1243 1904 1335; x_wconf 66' lang='grc' dir='ltr'><strong><em>ὄμ</em></strong></span> 
     </span>
     <span class='ocr_line' id='line_1_20' title="bbox 249 1339 1904 1410; baseline 0.001 -18"><span class='ocrx_word' id='word_1_79' title='bbox 249 1359 378 1409; x_wconf 91' lang='grc' dir='ltr'><strong><em>ματι</em></strong></span> <span class='ocrx_word' id='word_1_80' title='bbox 417 1340 814 1410; x_wconf 80' lang='grc' dir='ltr'><strong><em>προσάγεσθαι.</em></strong></span> <span class='ocrx_word' id='word_1_81' title='bbox 1900 1339 1904 1366; x_wconf 80' lang='lat'>²</span> 
     </span>
     <span class='ocr_line' id='line_1_21' title="bbox 362 1373 1904 1502; baseline 0.002 -21"><span class='ocrx_word' id='word_1_82' title='bbox 362 1430 499 1482; x_wconf 89' lang='grc' dir='ltr'><strong><em>ἔστω</em></strong></span> <span class='ocrx_word' id='word_1_83' title='bbox 554 1428 659 1498; x_wconf 83' lang='grc' dir='ltr'><strong><em>γὰρ</em></strong></span> <span class='ocrx_word' id='word_1_84' title='bbox 715 1425 997 1499; x_wconf 84' lang='grc' dir='ltr'><strong><em>ὁρώμενον</em></strong></span> <span class='ocrx_word' id='word_1_85' title='bbox 1050 1428 1112 1481; x_wconf 91' lang='grc' dir='ltr'><strong><em>τὸ</em></strong></span> <span class='ocrx_word' id='word_1_86' title='bbox 1170 1430 1270 1482; x_wconf 88' lang='grc' dir='ltr'><strong><em>ΓΒ</em></strong></span> <span class='ocrx_word' id='word_1_87' title='bbox 1324 1427 1433 1481; x_wconf 86' lang='grc' dir='ltr'><strong><em>ὑπὸ</em></strong></span> <span class='ocrx_word' id='word_1_88' title='bbox 1487 1438 1599 1482; x_wconf 83' lang='grc' dir='ltr'><strong><em>τῶν</em></strong></span> <span class='ocrx_word' id='word_1_89' title='bbox 1654 1432 1789 1499; x_wconf 88' lang='grc' dir='ltr'><strong><em>ΚΒ,</em></strong></span> <span class='ocrx_word' id='word_1_90' title='bbox 1829 1373 1904 1502; x_wconf 69' lang='lat' dir='ltr'><strong><em>Ki</em></strong></span> 
     </span>
     <span class='ocr_line' id='line_1_22' title="bbox 250 1509 1904 1590; baseline 0.001 -20"><span class='ocrx_word' id='word_1_91' title='bbox 250 1516 505 1585; x_wconf 82' lang='grc' dir='ltr'><strong><em>ἀκτίνων,</em></strong></span> <span class='ocrx_word' id='word_1_92' title='bbox 543 1515 634 1570; x_wconf 86' lang='grc' dir='ltr'><strong><em>καὶ</em></strong></span> <span class='ocrx_word' id='word_1_93' title='bbox 668 1516 928 1587; x_wconf 80' lang='grc' dir='ltr'><strong><em>ηὐξήσθω</em></strong></span> <span class='ocrx_word' id='word_1_94' title='bbox 967 1518 1029 1571; x_wconf 90' lang='grc' dir='ltr'><strong><em>τὸ</em></strong></span> <span class='ocrx_word' id='word_1_95' title='bbox 1061 1520 1175 1570; x_wconf 90' lang='grc' dir='ltr'><strong><em>ΒΓ</em></strong></span> <span class='ocrx_word' id='word_1_96' title='bbox 1204 1525 1279 1590; x_wconf 78' lang='grc' dir='ltr'><strong><em>τῷ</em></strong></span> <span class='ocrx_word' id='word_1_97' title='bbox 1313 1521 1436 1587; x_wconf 89' lang='grc' dir='ltr'><strong><em>ΒΔ,</em></strong></span> <span class='ocrx_word' id='word_1_98' title='bbox 1475 1515 1566 1570; x_wconf 81' lang='grc' dir='ltr'><strong><em>καὶ</em></strong></span> <span class='ocrx_word' id='word_1_99' title='bbox 1605 1517 1711 1571; x_wconf 82' lang='grc' dir='ltr'><strong><em>ἀπὸ</em></strong></span> <span class='ocrx_word' id='word_1_100' title='bbox 1751 1527 1850 1572; x_wconf 90' lang='grc' dir='ltr'><strong><em>τοῦ</em></strong></span> <span class='ocrx_word' id='word_1_101' title='bbox 1879 1509 1904 1583; x_wconf 65' lang='lat'>1</span> 
     </span>
     <span class='ocr_line' id='line_1_23' title="bbox 250 1604 1904 1692; baseline 0.002 -33"><span class='ocrx_word' id='word_1_102' title='bbox 250 1608 486 1676; x_wconf 79' lang='grc' dir='ltr'><strong><em>ὄμματος</em></strong></span> <span class='ocrx_word' id='word_1_103' title='bbox 525 1604 907 1677; x_wconf 83' lang='grc' dir='ltr'><strong><em>προσπιπτέτω</em></strong></span> <span class='ocrx_word' id='word_1_104' title='bbox 952 1604 1105 1669; x_wconf 80' lang='grc' dir='ltr'><strong><em>ἀκτὶς</em></strong></span> <span class='ocrx_word' id='word_1_105' title='bbox 1143 1605 1176 1675; x_wconf 82' lang='grc' dir='ltr'><em>ἡ</em></span> <span class='ocrx_word' id='word_1_106' title='bbox 1215 1609 1344 1659; x_wconf 92' lang='grc' dir='ltr'><strong><em>ΚΔ.</em></strong></span> <span class='ocrx_word' id='word_1_107' title='bbox 1422 1606 1629 1660; x_wconf 86' lang='grc' dir='ltr'><strong><em>οὐκοῦν</em></strong></span> <span class='ocrx_word' id='word_1_108' title='bbox 1667 1610 1904 1692; x_wconf 48' lang='grc' dir='ltr'><strong><em>μείζων(</em></strong></span> 
     </span>
     <span class='ocr_line' id='line_1_24' title="bbox 248 1694 1904 1764; baseline 0.001 -15"><span class='ocrx_word' id='word_1_109' title='bbox 248 1695 356 1749; x_wconf 84' lang='grc' dir='ltr'><strong><em>ὑπὸ</em></strong></span> <span class='ocrx_word' id='word_1_110' title='bbox 397 1698 579 1749; x_wconf 90' lang='grc' dir='ltr'><strong><em>ΔΚΓ</em></strong></span> <span class='ocrx_word' id='word_1_111' title='bbox 616 1697 792 1763; x_wconf 80' lang='grc' dir='ltr'><strong><em>γωνία</em></strong></span> <span class='ocrx_word' id='word_1_112' title='bbox 837 1702 933 1764; x_wconf 83' lang='grc' dir='ltr'><strong><em>τῆς</em></strong></span> <span class='ocrx_word' id='word_1_113' title='bbox 969 1694 1078 1748; x_wconf 85' lang='grc' dir='ltr'><strong><em>ὑπὸ</em></strong></span> <span class='ocrx_word' id='word_1_114' title='bbox 1119 1697 1293 1748; x_wconf 92' lang='grc' dir='ltr'><strong><em>ΒΚΓ</em></strong></span> <span class='ocrx_word' id='word_1_115' title='bbox 1323 1697 1540 1764; x_wconf 83' lang='grc' dir='ltr'><strong><em>γωνίας.</em></strong></span> <span class='ocrx_word' id='word_1_116' title='bbox 1618 1695 1684 1748; x_wconf 79' lang='grc' dir='ltr'><strong><em>τὰ</em></strong></span> <span class='ocrx_word' id='word_1_117' title='bbox 1730 1694 1789 1750; x_wconf 72' lang='grc' dir='ltr'><strong><em>δὲ</em></strong></span> <span class='ocrx_word' id='word_1_118' title='bbox 1827 1696 1904 1756; x_wconf 67' lang='grc' dir='ltr'><strong><em>ὑπ’</em></strong></span> 
     </span>
     <span class='ocr_line' id='line_1_25' title="bbox 248 1760 1904 1912; baseline 0.001 -74"><span class='ocrx_word' id='word_1_119' title='bbox 248 1787 494 1854; x_wconf 83' lang='grc' dir='ltr'><strong><em>μείζονος</em></strong></span> <span class='ocrx_word' id='word_1_120' title='bbox 531 1787 736 1853; x_wconf 89' lang='grc' dir='ltr'><strong><em>γωνίας</em></strong></span> <span class='ocrx_word' id='word_1_121' title='bbox 774 1784 1025 1855; x_wconf 84' lang='grc' dir='ltr'><strong><em>ὁρώμενα</em></strong></span> <span class='ocrx_word' id='word_1_122' title='bbox 1061 1786 1249 1852; x_wconf 82' lang='grc' dir='ltr'><strong><em>ἔγγιον</em></strong></span> <span class='ocrx_word' id='word_1_123' title='bbox 1279 1786 1549 1854; x_wconf 86' lang='grc' dir='ltr'><strong><em>φαίνεται.</em></strong></span> <span class='ocrx_word' id='word_1_124' title='bbox 1612 1786 1798 1853; x_wconf 82' lang='grc' dir='ltr'><strong><em>ἔγγιον</em></strong></span> <span class='ocrx_word' id='word_1_125' title='bbox 1830 1760 1904 1912; x_wconf 47' lang='grc' dir='ltr'><strong><em>ἄςέ</em></strong></span> 
     </span>
     <span class='ocr_line' id='line_1_26' title="bbox 250 1869 1904 1945; baseline 0 -18"><span class='ocrx_word' id='word_1_126' title='bbox 250 1871 396 1938; x_wconf 80' lang='grc' dir='ltr'><strong><em>δόξει</em></strong></span> <span class='ocrx_word' id='word_1_127' title='bbox 435 1869 576 1926; x_wconf 89' lang='grc' dir='ltr'><strong><em>εἶναι</em></strong></span> <span class='ocrx_word' id='word_1_128' title='bbox 616 1874 677 1926; x_wconf 93' lang='grc' dir='ltr'><strong><em>τὸ</em></strong></span> <span class='ocrx_word' id='word_1_129' title='bbox 719 1875 820 1926; x_wconf 92' lang='grc' dir='ltr'><strong><em>ΓΔ</em></strong></span> <span class='ocrx_word' id='word_1_130' title='bbox 856 1874 994 1944; x_wconf 80' lang='grc' dir='ltr'><strong><em>ἥπερ</em></strong></span> <span class='ocrx_word' id='word_1_131' title='bbox 1034 1874 1094 1926; x_wconf 93' lang='grc' dir='ltr'><strong><em>τὸ</em></strong></span> <span class='ocrx_word' id='word_1_132' title='bbox 1136 1875 1254 1927; x_wconf 92' lang='grc' dir='ltr'><strong><em>ΒΓ.</em></strong></span> <span class='ocrx_word' id='word_1_133' title='bbox 1887 1911 1904 1945; x_wconf 66' lang='grc'><strong><em>-;</em></strong></span> 
     </span>
     <span class='ocr_line' id='line_1_27' title="bbox 1038 1977 1904 2148; baseline 0 -58"><span class='ocrx_word' id='word_1_134' title='bbox 1038 2032 1143 2092; x_wconf 82' lang='grc' dir='ltr'><strong><em>νς’.</em></strong></span> <span class='ocrx_word' id='word_1_135' title='bbox 1880 1977 1904 2148; x_wconf 64' lang='grc' dir='ltr'><em>ἒ</em></span> 
     </span>
     <span class='ocr_line' id='line_1_28' title="bbox 346 2138 1904 2215; baseline 0.001 -22"><span class='ocrx_word' id='word_1_136' title='bbox 346 2138 482 2194; x_wconf 87' lang='grc' dir='ltr'><strong><em>Ὅσα</em></strong></span> <span class='ocrx_word' id='word_1_137' title='bbox 529 2140 601 2209; x_wconf 87' lang='grc' dir='ltr'><strong><em>μὴ</em></strong></span> <span class='ocrx_word' id='word_1_138' title='bbox 649 2139 710 2192; x_wconf 83' lang='grc' dir='ltr'><strong><em>ἐν</em></strong></span> <span class='ocrx_word' id='word_1_139' title='bbox 756 2147 831 2212; x_wconf 77' lang='grc' dir='ltr'><strong><em>τῷ</em></strong></span> <span class='ocrx_word' id='word_1_140' title='bbox 881 2139 1028 2212; x_wconf 77' lang='grc' dir='ltr'><strong><em>αὐτῷ</em></strong></span> <span class='ocrx_word' id='word_1_141' title='bbox 1076 2139 1415 2210; x_wconf 85' lang='grc' dir='ltr'><strong><em>ἀποστήματι</em></strong></span> <span class='ocrx_word' id='word_1_142' title='bbox 1461 2149 1634 2194; x_wconf 84' lang='grc' dir='ltr'><strong><em>κεῖται</em></strong></span> <span class='ocrx_word' id='word_1_143' title='bbox 1679 2141 1752 2211; x_wconf 86' lang='grc' dir='ltr'><strong><em>μὴ</em></strong></span> <span class='ocrx_word' id='word_1_144' title='bbox 1798 2151 1904 2215; x_wconf 60' lang='grc' dir='ltr'><strong><em>παρ</em></strong></span> 
     </span>
     <span class='ocr_line' id='line_1_29' title="bbox 247 2227 1904 2299; baseline 0.001 -16"><span class='ocrx_word' id='word_1_145' title='bbox 247 2230 455 2298; x_wconf 75' lang='grc' dir='ltr'><strong><em>ἄλληλα</em></strong></span> <span class='ocrx_word' id='word_1_146' title='bbox 485 2231 706 2298; x_wconf 89' lang='grc' dir='ltr'><strong><em>κείμενα</em></strong></span> <span class='ocrx_word' id='word_1_147' title='bbox 737 2237 848 2281; x_wconf 85' lang='grc' dir='ltr'><strong><em>τῶν</em></strong></span> <span class='ocrx_word' id='word_1_148' title='bbox 880 2229 1066 2299; x_wconf 75' lang='grc' dir='ltr'><strong><em>ἄκρων</em></strong></span> <span class='ocrx_word' id='word_1_149' title='bbox 1096 2230 1168 2298; x_wconf 86' lang='grc' dir='ltr'><strong><em>μὴ</em></strong></span> <span class='ocrx_word' id='word_1_150' title='bbox 1192 2229 1503 2298; x_wconf 78' lang='grc' dir='ltr'><strong><em>κατάλληλα</em></strong></span> <span class='ocrx_word' id='word_1_151' title='bbox 1526 2227 1791 2299; x_wconf 81' lang='grc' dir='ltr'><strong><em>κειμένων</em></strong></span> <span class='ocrx_word' id='word_1_152' title='bbox 1822 2234 1904 2285; x_wconf 60' lang='lat' dir='ltr'><strong><em>nv.</em></strong></span> 
     </span>
     <span class='ocr_line' id='line_1_30' title="bbox 247 2313 1904 2388; baseline 0.001 -17"><span class='ocrx_word' id='word_1_153' title='bbox 247 2317 428 2388; x_wconf 90' lang='grc' dir='ltr'><strong><em>μέσων</em></strong></span> <span class='ocrx_word' id='word_1_154' title='bbox 481 2313 619 2387; x_wconf 77' lang='grc' dir='ltr'><strong><em>μηδὲ</em></strong></span> <span class='ocrx_word' id='word_1_155' title='bbox 673 2315 756 2370; x_wconf 80' lang='grc' dir='ltr'><strong><em>ἐπ’</em></strong></span> <span class='ocrx_word' id='word_1_156' title='bbox 807 2317 1030 2380; x_wconf 81' lang='grc' dir='ltr'><strong><em>εὐθείας</em></strong></span> <span class='ocrx_word' id='word_1_157' title='bbox 1075 2319 1278 2386; x_wconf 90' lang='grc' dir='ltr'><strong><em>ὄντων,</em></strong></span> <span class='ocrx_word' id='word_1_158' title='bbox 1332 2319 1394 2371; x_wconf 93' lang='grc' dir='ltr'><strong><em>τὸ</em></strong></span> <span class='ocrx_word' id='word_1_159' title='bbox 1442 2318 1574 2371; x_wconf 80' lang='grc' dir='ltr'><strong><em>ὅλον</em></strong></span> <span class='ocrx_word' id='word_1_160' title='bbox 1621 2326 1797 2388; x_wconf 81' lang='grc' dir='ltr'><strong><em>σχῆμα</em></strong></span> <span class='ocrx_word' id='word_1_161' title='bbox 1844 2317 1904 2373; x_wconf 73' lang='grc' dir='ltr'><strong><em>ὁτ</em></strong></span> 
     </span>
     <span class='ocr_line' id='line_1_31' title="bbox 251 2402 1274 2477; baseline -0.001 -17"><span class='ocrx_word' id='word_1_162' title='bbox 251 2405 349 2477; x_wconf 75' lang='grc' dir='ltr'><strong><em>μὲν</em></strong></span> <span class='ocrx_word' id='word_1_163' title='bbox 390 2410 605 2475; x_wconf 81' lang='grc' dir='ltr'><strong><em>κοῖλον,</em></strong></span> <span class='ocrx_word' id='word_1_164' title='bbox 644 2402 733 2460; x_wconf 74' lang='grc' dir='ltr'><strong><em>ὁτὲ</em></strong></span> <span class='ocrx_word' id='word_1_165' title='bbox 772 2403 833 2459; x_wconf 75' lang='grc' dir='ltr'><strong><em>δὲ</em></strong></span> <span class='ocrx_word' id='word_1_166' title='bbox 871 2407 1077 2477; x_wconf 85' lang='grc' dir='ltr'><strong><em>κυρτὸν</em></strong></span> <span class='ocrx_word' id='word_1_167' title='bbox 1114 2415 1274 2460; x_wconf 83' lang='grc' dir='ltr'><strong><em>ποιεῖ.</em></strong></span> 
     </span>
     <span class='ocr_line' id='line_1_32' title="bbox 360 2492 1904 2567; baseline -0.001 -17"><span class='ocrx_word' id='word_1_168' title='bbox 360 2495 587 2567; x_wconf 77' lang='grc' dir='ltr'><strong><em>ὁράσθω</em></strong></span> <span class='ocrx_word' id='word_1_169' title='bbox 627 2495 732 2567; x_wconf 80' lang='grc' dir='ltr'><strong><em>γὰρ</em></strong></span> <span class='ocrx_word' id='word_1_170' title='bbox 771 2496 838 2547; x_wconf 82' lang='grc' dir='ltr'><strong><em>τὰ</em></strong></span> <span class='ocrx_word' id='word_1_171' title='bbox 877 2499 950 2564; x_wconf 94' lang='grc' dir='ltr'><strong><em>Β,</em></strong></span> <span class='ocrx_word' id='word_1_172' title='bbox 984 2498 1053 2566; x_wconf 95' lang='grc' dir='ltr'><strong><em>Γ,</em></strong></span> <span class='ocrx_word' id='word_1_173' title='bbox 1083 2500 1138 2549; x_wconf 92' lang='grc' dir='ltr'><em>Δ</em></span> <span class='ocrx_word' id='word_1_174' title='bbox 1183 2503 1282 2549; x_wconf 87' lang='grc' dir='ltr'><strong><em>τοῦ</em></strong></span> <span class='ocrx_word' id='word_1_175' title='bbox 1330 2497 1569 2566; x_wconf 82' lang='grc' dir='ltr'><strong><em>ὄμματος</em></strong></span> <span class='ocrx_word' id='word_1_176' title='bbox 1615 2493 1701 2549; x_wconf 83' lang='grc' dir='ltr'><strong><em>ἐπὶ</em></strong></span> <span class='ocrx_word' id='word_1_177' title='bbox 1740 2503 1840 2549; x_wconf 87' lang='grc' dir='ltr'><strong><em>τοῦ</em></strong></span> <span class='ocrx_word' id='word_1_178' title='bbox 1875 2492 1904 2564; x_wconf 70' lang='grc' dir='ltr'><strong><em>Ᾱ</em></strong></span> 
     </span>
    </p>
   </div>
   <div class='ocr_carea' id='block_1_10' title="bbox 1898 2592 1904 2659">
    <p class='ocr_par' dir='ltr' id='par_1_10' title="bbox 1898 2592 1904 2659">
     <span class='ocr_line' id='line_1_33' title="bbox 1898 2592 1904 2659; baseline 0 0"><span class='ocrx_word' id='word_1_179' title='bbox 1898 2592 1904 2659; x_wconf 76' lang='grc' dir='ltr'><strong>ἑ</strong></span> 
     </span>
    </p>
   </div>
   <div class='ocr_carea' id='block_1_11' title="bbox 248 2630 602 2637">
    <p class='ocr_par' dir='ltr' id='par_1_11' title="bbox 248 2630 602 2637">
     <span class='ocr_line' id='line_1_34' title="bbox 248 2630 602 2637; baseline 0 547"><span class='ocrx_word' id='word_1_180' title='bbox 248 2630 602 2637; x_wconf 95' lang='lat' dir='ltr'><strong><em> </em></strong></span> 
     </span>
    </p>
   </div>
   <div class='ocr_carea' id='block_1_12' title="bbox 249 2712 1887 2952">
    <p class='ocr_par' dir='ltr' id='par_1_12' title="bbox 249 2712 1887 2952">
     <span class='ocr_line' id='line_1_35' title="bbox 372 2712 1887 2774; baseline -0.001 -14"><span class='ocrx_word' id='word_1_181' title='bbox 372 2721 411 2760; x_wconf 81' lang='grc' dir='ltr'><strong><em>ὅ.</em></strong></span> <span class='ocrx_word' id='word_1_182' title='bbox 445 2713 629 2771; x_wconf 82' lang='grc' dir='ltr'><strong><em>μέρεσιν</em></strong></span> <span class='ocrx_word' id='word_1_183' title='bbox 660 2714 753 2759; x_wconf 87' lang='lat' dir='ltr'><strong>Vv.</strong></span> <span class='ocrx_word' id='word_1_184' title='bbox 879 2721 916 2760; x_wconf 82' lang='lat'><strong>7.</strong></span> <span class='ocrx_word' id='word_1_185' title='bbox 949 2715 1000 2759; x_wconf 86' lang='grc' dir='ltr'><strong><em>τὸ</em></strong></span> <span class='ocrx_word' id='word_1_186' title='bbox 1034 2712 1106 2774; x_wconf 80' lang='grc' dir='ltr'><strong><em>δέ]</em></strong></span> <span class='ocrx_word' id='word_1_187' title='bbox 1140 2729 1252 2760; x_wconf 87' lang='lat' dir='ltr'><strong>corr.</strong></span> <span class='ocrx_word' id='word_1_188' title='bbox 1287 2729 1344 2759; x_wconf 84' lang='lat' dir='ltr'><strong><em>ex</em></strong></span> <span class='ocrx_word' id='word_1_189' title='bbox 1373 2722 1454 2760; x_wconf 83' lang='grc' dir='ltr'><strong><em>τοῦ</em></strong></span> <span class='ocrx_word' id='word_1_190' title='bbox 1487 2713 1540 2759; x_wconf 86' lang='grc' dir='ltr'><strong><em>δέ</em></strong></span> <span class='ocrx_word' id='word_1_191' title='bbox 1571 2715 1624 2759; x_wconf 92' lang='lat' dir='ltr'><strong><em>V.</em></strong></span> <span class='ocrx_word' id='word_1_192' title='bbox 1735 2719 1803 2759; x_wconf 92' lang='lat'><strong>11.</strong></span> <span class='ocrx_word' id='word_1_193' title='bbox 1836 2724 1887 2759; x_wconf 77' lang='grc' dir='ltr'><strong><em>νε</em></strong></span> 
     </span>
     <span class='ocr_line' id='line_1_36' title="bbox 250 2773 1785 2833; baseline -0.001 -14"><span class='ocrx_word' id='word_1_194' title='bbox 250 2775 322 2832; x_wconf 80' lang='grc' dir='ltr'><strong><em>ξγ’</em></strong></span> <span class='ocrx_word' id='word_1_195' title='bbox 348 2790 393 2831; x_wconf 87' lang='lat' dir='ltr'><strong><em>p,</em></strong></span> <span class='ocrx_word' id='word_1_196' title='bbox 426 2775 500 2833; x_wconf 82' lang='grc' dir='ltr'><strong><em>ξβ’</em></strong></span> <span class='ocrx_word' id='word_1_197' title='bbox 527 2775 582 2831; x_wconf 88' lang='lat' dir='ltr'><strong><em>V,</em></strong></span> <span class='ocrx_word' id='word_1_198' title='bbox 615 2774 701 2819; x_wconf 83' lang='grc' dir='ltr'><strong><em>νθ’</em></strong></span> <span class='ocrx_word' id='word_1_199' title='bbox 728 2773 779 2817; x_wconf 87' lang='lat' dir='ltr'><strong><em>in</em></strong></span> <span class='ocrx_word' id='word_1_200' title='bbox 809 2788 898 2819; x_wconf 81' lang='lat' dir='ltr'><strong>ras.</strong></span> <span class='ocrx_word' id='word_1_201' title='bbox 931 2790 990 2819; x_wconf 90' lang='lat' dir='ltr'><strong>m.</strong></span> <span class='ocrx_word' id='word_1_202' title='bbox 1025 2781 1051 2819; x_wconf 82' lang='lat'><strong>2</strong></span> <span class='ocrx_word' id='word_1_203' title='bbox 1083 2791 1125 2819; x_wconf 84' lang='lat' dir='ltr'><strong>v.</strong></span> <span class='ocrx_word' id='word_1_204' title='bbox 1249 2780 1316 2820; x_wconf 84' lang='lat'><strong>12.</strong></span> <span class='ocrx_word' id='word_1_205' title='bbox 1353 2774 1530 2832; x_wconf 77' lang='grc' dir='ltr'><strong><em>ἔγγειον</em></strong></span> <span class='ocrx_word' id='word_1_206' title='bbox 1561 2774 1616 2818; x_wconf 91' lang='lat' dir='ltr'><strong><em>V.</em></strong></span> <span class='ocrx_word' id='word_1_207' title='bbox 1717 2779 1785 2818; x_wconf 87' lang='grc'><strong><em>14.</em></strong></span> 
     </span>
     <span class='ocr_line' id='line_1_37' title="bbox 249 2831 1882 2890; baseline 0 -13"><span class='ocrx_word' id='word_1_208' title='bbox 249 2837 341 2877; x_wconf 89' lang='grc' dir='ltr'><strong><em>ΒΓ</em></strong></span> <span class='ocrx_word' id='word_1_209' title='bbox 365 2849 410 2890; x_wconf 90' lang='lat' dir='ltr'><strong><em>p.</em></strong></span> <span class='ocrx_word' id='word_1_210' title='bbox 563 2838 631 2877; x_wconf 88' lang='lat'><strong><em>15.</em></strong></span> <span class='ocrx_word' id='word_1_211' title='bbox 671 2831 904 2890; x_wconf 78' lang='grc' dir='ltr'><strong><em>ηὐξείσθω</em></strong></span> <span class='ocrx_word' id='word_1_212' title='bbox 935 2849 984 2890; x_wconf 71' lang='lat' dir='ltr'><strong><em>v,</em></strong></span> <span class='ocrx_word' id='word_1_213' title='bbox 1027 2834 1109 2878; x_wconf 85' lang='lat' dir='ltr'><strong><em>sed</em></strong></span> <span class='ocrx_word' id='word_1_214' title='bbox 1140 2848 1254 2878; x_wconf 87' lang='lat' dir='ltr'><strong>corr.</strong></span> <span class='ocrx_word' id='word_1_215' title='bbox 1410 2840 1475 2879; x_wconf 85' lang='lat'><strong>16.</strong></span> <span class='ocrx_word' id='word_1_216' title='bbox 1509 2835 1662 2890; x_wconf 81' lang='grc' dir='ltr'><strong><em>μεῖζον</em></strong></span> <span class='ocrx_word' id='word_1_217' title='bbox 1692 2848 1734 2877; x_wconf 85' lang='lat' dir='ltr'><strong>v.</strong></span> <span class='ocrx_word' id='word_1_218' title='bbox 1857 2832 1882 2877; x_wconf 86' lang='lat'>1</span> 
     </span>
     <span class='ocr_line' id='line_1_38' title="bbox 249 2891 1853 2952; baseline -0.001 -15"><span class='ocrx_word' id='word_1_219' title='bbox 249 2892 405 2951; x_wconf 77' lang='grc' dir='ltr'><strong><em>ἔγγιον</em></strong></span> <span class='ocrx_word' id='word_1_220' title='bbox 431 2895 513 2950; x_wconf 88' lang='lat' dir='ltr'><strong>(pr.</strong></span> <span class='ocrx_word' id='word_1_221' title='bbox 517 2894 552 2952; x_wconf 91' lang='lat'><strong><em>)]</em></strong></span> <span class='ocrx_word' id='word_1_222' title='bbox 589 2892 766 2950; x_wconf 81' lang='grc' dir='ltr'><strong><em>ἔγγειον</em></strong></span> <span class='ocrx_word' id='word_1_223' title='bbox 798 2893 852 2950; x_wconf 89' lang='lat' dir='ltr'><strong><em>V,</em></strong></span> <span class='ocrx_word' id='word_1_224' title='bbox 893 2892 1081 2950; x_wconf 81' lang='grc' dir='ltr'><strong><em>μείζονα</em></strong></span> <span class='ocrx_word' id='word_1_225' title='bbox 1112 2909 1165 2951; x_wconf 87' lang='lat' dir='ltr'><strong><em>p,</em></strong></span> <span class='ocrx_word' id='word_1_226' title='bbox 1206 2908 1293 2939; x_wconf 90' lang='lat' dir='ltr'><strong>om.</strong></span> <span class='ocrx_word' id='word_1_227' title='bbox 1327 2908 1368 2939; x_wconf 85' lang='lat' dir='ltr'><strong>v.</strong></span> <span class='ocrx_word' id='word_1_228' title='bbox 1493 2891 1730 2951; x_wconf 81' lang='grc' dir='ltr'><strong><em>φαίνεται]</em></strong></span> <span class='ocrx_word' id='word_1_229' title='bbox 1763 2905 1853 2937; x_wconf 91' lang='lat' dir='ltr'><strong>om.</strong></span> 
     </span>
    </p>
   </div>
  </div>
 </body>
</html>
