1904 3184
167 694 304 749 Cum
351 713 437 764 ea,
490 713 626 764 quae
675 695 742 748 ad
787 695 967 748 uisum
1015 697 1282 767 adtinent‚
1338 698 1750 767 demonstraret,

52 784 513 838 considerationes
554 785 814 853 quasdam
851 785 1130 839 adferebat
1162 787 1395 857 amplius
1428 789 1748 843 confirmare

53 875 276 928 studens
286 917 301 944 ‚
347 892 562 926 omnem
607 874 783 927 lucem
832 876 1125 928 secundum
1171 880 1346 930 rectas
1394 877 1563 932 lineas
1603 879 1748 932 ferri.

50 963 215 1016 huius
262 963 405 1016 enim
451 963 530 1016 rei
576 963 874 1017 maximum
922 965 1307 1019 documentum
1353 970 1408 1020 et
1453 968 1675 1021 umbras
1715 987 1748 1021 a

49 1052 371 1122 corporibus
402 1053 574 1106 iactas
607 1057 662 1106 et
692 1053 887 1124 radiOS‚
928 1055 1020 1124 qui
1050 1074 1147 1125 per
1178 1055 1444 1110 fenestras
1471 1057 1747 1127 rimasque

48 1141 316 1212 feruntur,
355 1143 543 1196 adfert.
612 1162 739 1196 nam
778 1143 912 1197 haec
953 1145 1135 1198 omnia
1172 1145 1252 1198 ita
1290 1165 1401 1199 non
1438 1147 1646 1217 fierent,
1685 1151 1747 1200 ut

34 1249 194 1304 ⁴nunc
218 1231 337 1284 fieri
362 1236 669 1303 cernuntur,
692 1232 799 1286 nisi
823 1233 976 1303 radii,
1001 1234 1094 1303 qui
1120 1253 1148 1287 e
1175 1235 1286 1288 sole
1310 1236 1747 1307 proficiscuntur,

49 1321 346 1374 secundum
391 1325 568 1374 rectas
626 1322 885 1392 quasdam
931 1322 1215 1376 ferrentur.
1302 1328 1356 1378 et
1401 1324 1461 1377 in
1505 1325 1746 1396 ignibus,

38 1410 144 1479 ‘qui
192 1411 335 1478 apud
379 1428 480 1463 nos
528 1414 676 1480 sunt,
731 1412 910 1464 radios
949 1413 1354 1482 proficiscentes
1395 1433 1585 1468 causas
1626 1433 1743 1468 esse

28 1498 353 1570 dictitabat,
392 1518 487 1552 cur
519 1501 783 1570 quaedam
815 1519 1103 1571 corporum
1137 1503 1475 1557 obiectorum
1506 1504 1744 1557 illustra-

25 1592 237 1651 q'tentur
267 1592 322 1641 et
353 1589 573 1643 umbras
604 1590 845 1644 iacerent
874 1591 1076 1660 partim
1102 1593 1421 1663 corporibus
1445 1593 1744 1663 propositis

27 1676 326 1750 *aequalem
370 1678 572 1748 partim
611 1679 844 1733 maiores
853 1723 868 1751 7
905 1680 1106 1750 partim
1147 1681 1383 1736 minores
1425 1683 1742 1753 corporibus

28 1766 360 1837 propositis.
423 1771 478 1820 et
510 1769 759 1838 aequales
793 1770 1013 1823 umbras
1047 1789 1110 1824 ea
1132 1770 1324 1842 iacere,
1356 1790 1491 1842 quae
1521 1771 1742 1842 ignibus

27 1826 452 1926 {illustrantibus
493 1858 741 1926 aequalia
787 1863 991 1928 essent,
1046 1863 1101 1912 et
1145 1859 1205 1912 in
1250 1860 1317 1913 iis
1365 1860 1628 1932 accidere,
1682 1866 1744 1914 ut

27 1943 185 2032 ⁴gadn
231 1945 458 1999 extremi
503 1947 750 2016 paralleli
795 1949 989 2002 fierent
1043 1953 1098 2002 et
1139 1968 1315 2020 neque
1369 1950 1476 2020 ipsi
1523 1969 1745 2004 concur-

26 2025 227 2108 }ssentes
258 2035 509 2089 umbram
540 2035 901 2091 diminuerent
930 2056 1105 2108 neque
1136 2057 1267 2092 uero
1301 2057 1358 2093 se
1383 2039 1742 2094 diffundentes

27 2109 335 2194 *augerent3
399 2125 491 2178 sed
553 2126 709 2195 quale
772 2130 915 2180 esset
975 2127 1058 2198 id,
1121 2129 1265 2197 quod
1319 2128 1429 2182 luci
1485 2129 1741 2198 officeret,

27 2210 214 2266 :talem
250 2212 415 2266 etiam
455 2232 547 2267 eos
587 2215 810 2268 umbrae
851 2212 1162 2269 mensuram
1195 2235 1425 2270 seruare.
1502 2217 1739 2271 minores

27 2315 179 2368 ‘uero
224 2303 541 2373 corporibus
589 2304 812 2358 umbrae
861 2309 1009 2376 sunt,
1064 2305 1160 2358 ubi
1206 2291 1362 2377 ignes
1400 2307 1739 2360 illustrantes

50 2388 281 2443 maiores
329 2395 477 2463 sunt3
523 2410 651 2444 nam
697 2391 877 2446 radios
926 2396 1196 2446 extremos
1242 2393 1386 2446 inter
1426 2413 1482 2447 se
1523 2412 1743 2448 concur-

128 2606 139 2615 ,
168 2548 236 2594 De
266 2549 355 2595 hac
386 2551 700 2609 praefatione,
741 2551 946 2597 Theonis
988 2552 1087 2597 sine
1126 2553 1269 2598 dubio
1310 2568 1339 2598 a
1372 2553 1603 2612 discipulo
1635 2568 1739 2612 per-

53 2611 248 2676 empta,-
264 2623 308 2654 u.
327 2610 524 2655 Studien
543 2611 660 2656 iiber
675 2611 914 2679 EUklldffi·
936 2616 1183 2670 138—145‚
1207 2612 1289 2681 ubi
1310 2615 1492 2658 textum
1510 2613 1741 2680 Graecum

52 2665 102 2742 et
129 2680 389 2714 uerslonem
421 2670 702 2716 Germanam
735 2671 884 2728 eduh,
918 2671 1000 2716 sed
1034 2686 1120 2729 ope
1154 2673 1368 2716 cod1cum
1401 2673 1670 2718 destltutus.

53 2798 145 2861 sul
174 2789 282 2863 add.
314 2819 375 2871 ὡς
406 2818 679 2879 συμβαίνειν
711 2836 770 2867 m.
804 2834 893 2865 rec.
928 2820 984 2866 V.
1125 2826 1190 2867 15.
1226 2819 1522 2881 συμβαίνειν]
1557 2821 1645 2867 del.
1679 2837 1740 2866 m.

51 2880 140 2936 qe.
163 2875 218 2921 V.
334 2884 401 2924 16.
435 2877 654 2936 γίνεσθαι
684 2895 728 2938 p.
853 2884 921 2925 18.
955 2879 1069 2924 Post
1099 2878 1180 2926 καί
1212 2881 1318 2926 add.
1351 2881 1436 2939 τήν
1468 2897 1527 2926 m.
1561 2895 1650 2926 rec.
1684 2881 1742 2926 V.

138 2956 388 3006 Eucliden,
412 2962 495 2996 edd.
516 2962 688 3005 Heiberg
711 2965 749 2996 et
771 2962 920 3005 Menge.
958 2962 1045 2996 VII.
1416 2959 1472 3000 10

18 3029 25 3091 ι

21 3099 26 3184 ἓ

1770 9 1868 74 wlff
