<?xml version="1.0" encoding="UTF-8"?>
<!DOCTYPE html PUBLIC "-//W3C//DTD XHTML 1.0 Transitional//EN"
    "http://www.w3.org/TR/xhtml1/DTD/xhtml1-transitional.dtd">
<html xmlns="http://www.w3.org/1999/xhtml" xml:lang="en" lang="en">
 <head>
  <title>
</title>
<meta http-equiv="Content-Type" content="text/html;charset=utf-8" />
  <meta name='ocr-system' content='tesseract 3.04.00' />
  <meta name='ocr-capabilities' content='ocr_page ocr_carea ocr_par ocr_line ocrx_word'/>
</head>
<body>
  <div class='ocr_page' id='page_1' title='image "./euclidisoperaomn07eucluoft_0101.png"; bbox 0 0 1904 3184; ppageno 0'>
   <div class='ocr_carea' id='block_1_1' title="bbox 0 0 1771 251">
    <p class='ocr_par' dir='ltr' id='par_1_1' title="bbox 0 0 1771 251">
     <span class='ocr_line' id='line_1_1' title="bbox 0 0 1771 251; baseline 0.012 -101"><span class='ocrx_word' id='word_1_1' title='bbox 0 0 59 251; x_wconf 50' lang='grc' dir='ltr'>μ</span> <span class='ocrx_word' id='word_1_2' title='bbox 642 119 928 162; x_wconf 77' lang='lat' dir='ltr'><strong>Eucmms</strong></span> <span class='ocrx_word' id='word_1_3' title='bbox 962 108 1192 163; x_wconf 81' lang='lat' dir='ltr'><strong>OPTICA.</strong></span> <span class='ocrx_word' id='word_1_4' title='bbox 1695 118 1771 172; x_wconf 85' lang='lat'><strong>39</strong></span> 
     </span>
    </p>
   </div>
   <div class='ocr_carea' id='block_1_2' title="bbox 0 231 1857 1117">
    <p class='ocr_par' dir='ltr' id='par_1_2' title="bbox 35 231 1770 310">
     <span class='ocr_line' id='line_1_2' title="bbox 35 231 1770 310; baseline -0.001 -15"><span class='ocrx_word' id='word_1_5' title='bbox 35 231 41 282; x_wconf 72' lang='lat' dir='ltr'>s</span> <span class='ocrx_word' id='word_1_6' title='bbox 71 240 339 310; x_wconf 83' lang='lat' dir='ltr'><strong>Euclidis‚</strong></span> <span class='ocrx_word' id='word_1_7' title='bbox 399 239 609 292; x_wconf 85' lang='lat' dir='ltr'><strong>scilicet</strong></span> <span class='ocrx_word' id='word_1_8' title='bbox 663 238 877 307; x_wconf 89' lang='lat' dir='ltr'><strong>quando</strong></span> <span class='ocrx_word' id='word_1_9' title='bbox 941 257 973 291; x_wconf 92' lang='lat' dir='ltr'><strong>a</strong></span> <span class='ocrx_word' id='word_1_10' title='bbox 1026 239 1260 292; x_wconf 87' lang='lat' dir='ltr'><strong>termino</strong></span> <span class='ocrx_word' id='word_1_11' title='bbox 1315 240 1476 292; x_wconf 90' lang='lat' dir='ltr'><strong>ducta</strong></span> <span class='ocrx_word' id='word_1_12' title='bbox 1529 235 1770 294; x_wconf 81' lang='lat' dir='ltr'><strong>existens</strong></span> 
     </span>
    </p>

    <p class='ocr_par' dir='ltr' id='par_1_3' title="bbox 28 328 1770 399">
     <span class='ocr_line' id='line_1_3' title="bbox 28 328 1770 399; baseline 0 -16"><span class='ocrx_word' id='word_1_13' title='bbox 28 348 39 369; x_wconf 71' lang='lat'><strong><em>⁶</em></strong></span> <span class='ocrx_word' id='word_1_14' title='bbox 70 330 214 383; x_wconf 84' lang='lat' dir='ltr'><strong>linea</strong></span> <span class='ocrx_word' id='word_1_15' title='bbox 250 329 383 382; x_wconf 88' lang='lat' dir='ltr'><strong>facit</strong></span> <span class='ocrx_word' id='word_1_16' title='bbox 422 328 683 399; x_wconf 82' lang='lat' dir='ltr'>angulum</span> <span class='ocrx_word' id='word_1_17' title='bbox 719 331 946 398; x_wconf 77' lang='lat' dir='ltr'><strong>rectum,</strong></span> <span class='ocrx_word' id='word_1_18' title='bbox 983 328 1079 380; x_wconf 91' lang='lat' dir='ltr'><strong>illa</strong></span> <span class='ocrx_word' id='word_1_19' title='bbox 1110 328 1431 398; x_wconf 87' lang='lat' dir='ltr'><strong>contingens</strong></span> <span class='ocrx_word' id='word_1_20' title='bbox 1463 329 1581 382; x_wconf 89' lang='lat' dir='ltr'><strong>erit.</strong></span> <span class='ocrx_word' id='word_1_21' title='bbox 1644 348 1770 383; x_wconf 90' lang='lat' dir='ltr'><strong>con-</strong></span> 
     </span>
    </p>

    <p class='ocr_par' dir='ltr' id='par_1_4' title="bbox 4 416 1775 579">
     <span class='ocr_line' id='line_1_4' title="bbox 4 416 1775 490; baseline 0 -17"><span class='ocrx_word' id='word_1_22' title='bbox 4 456 5 474; x_wconf 50' lang='lat'>1</span> <span class='ocrx_word' id='word_1_23' title='bbox 69 419 331 490; x_wconf 86' lang='lat' dir='ltr'><strong>iungatur</strong></span> <span class='ocrx_word' id='word_1_24' title='bbox 372 419 473 487; x_wconf 77' lang='lat' dir='ltr'><strong>yd,</strong></span> <span class='ocrx_word' id='word_1_25' title='bbox 526 420 582 470; x_wconf 90' lang='lat' dir='ltr'><strong>et</strong></span> <span class='ocrx_word' id='word_1_26' title='bbox 627 416 879 469; x_wconf 73' lang='lat' dir='ltr'><strong>trahatur</strong></span> <span class='ocrx_word' id='word_1_27' title='bbox 923 435 1020 485; x_wconf 92' lang='lat' dir='ltr'><strong>per</strong></span> <span class='ocrx_word' id='word_1_28' title='bbox 1065 435 1102 470; x_wconf 84' lang='lat' dir='ltr'><strong>a</strong></span> <span class='ocrx_word' id='word_1_29' title='bbox 1153 421 1418 486; x_wconf 92' lang='lat' dir='ltr'><strong>punctum</strong></span> <span class='ocrx_word' id='word_1_30' title='bbox 1469 422 1648 471; x_wconf 88' lang='lat' dir='ltr'><strong>rectae</strong></span> <span class='ocrx_word' id='word_1_31' title='bbox 1690 421 1775 487; x_wconf 67' lang='lat' dir='ltr'><strong>qd</strong></span> 
     </span>
     <span class='ocr_line' id='line_1_5' title="bbox 68 505 1769 579; baseline 0.001 -19"><span class='ocrx_word' id='word_1_32' title='bbox 68 507 330 579; x_wconf 78' lang='lat' dir='ltr'><strong>parallela</strong></span> <span class='ocrx_word' id='word_1_33' title='bbox 375 508 437 559; x_wconf 65' lang='lat' dir='ltr'><strong>it.</strong></span> <span class='ocrx_word' id='word_1_34' title='bbox 522 505 660 559; x_wconf 86' lang='lat' dir='ltr'><strong>recti</strong></span> <span class='ocrx_word' id='word_1_35' title='bbox 706 524 837 576; x_wconf 88' lang='lat' dir='ltr'><strong>ergo</strong></span> <span class='ocrx_word' id='word_1_36' title='bbox 886 506 979 575; x_wconf 89' lang='lat' dir='ltr'><strong>qui</strong></span> <span class='ocrx_word' id='word_1_37' title='bbox 1026 507 1093 559; x_wconf 89' lang='lat' dir='ltr'><strong>ad</strong></span> <span class='ocrx_word' id='word_1_38' title='bbox 1131 507 1164 558; x_wconf 76' lang='lat' dir='ltr'><em>k</em></span> <span class='ocrx_word' id='word_1_39' title='bbox 1210 506 1412 578; x_wconf 82' lang='lat' dir='ltr'><strong>anguli.</strong></span> <span class='ocrx_word' id='word_1_40' title='bbox 1492 507 1539 559; x_wconf 88' lang='lat' dir='ltr'><strong>si</strong></span> <span class='ocrx_word' id='word_1_41' title='bbox 1585 511 1769 561; x_wconf 89' lang='lat' dir='ltr'><strong>autem</strong></span> 
     </span>
    </p>

    <p class='ocr_par' dir='ltr' id='par_1_5' title="bbox 3 595 1857 668">
     <span class='ocr_line' id='line_1_6' title="bbox 3 595 1857 668; baseline -0.001 -19"><span class='ocrx_word' id='word_1_42' title='bbox 3 627 6 641; x_wconf 63' lang='grc' dir='ltr'>ι</span> <span class='ocrx_word' id='word_1_43' title='bbox 69 597 179 665; x_wconf 74' lang='lat' dir='ltr'><strong>bqk</strong></span> <span class='ocrx_word' id='word_1_44' title='bbox 233 596 484 667; x_wconf 78' lang='lat' dir='ltr'><strong>trigonus</strong></span> <span class='ocrx_word' id='word_1_45' title='bbox 540 599 792 648; x_wconf 91' lang='lat' dir='ltr'><strong>manente</strong></span> <span class='ocrx_word' id='word_1_46' title='bbox 839 595 910 647; x_wconf 78' lang='lat' dir='ltr'><strong>ab</strong></span> <span class='ocrx_word' id='word_1_47' title='bbox 965 595 1108 648; x_wconf 87' lang='lat' dir='ltr'><strong>circa</strong></span> <span class='ocrx_word' id='word_1_48' title='bbox 1161 599 1372 649; x_wconf 88' lang='lat' dir='ltr'><strong>rectum</strong></span> <span class='ocrx_word' id='word_1_49' title='bbox 1426 597 1688 668; x_wconf 81' lang='lat' dir='ltr'>angulum</span> <span class='ocrx_word' id='word_1_50' title='bbox 1734 597 1769 650; x_wconf 70' lang='lat' dir='ltr'><em>k</em></span> <span class='ocrx_word' id='word_1_51' title='bbox 1829 607 1857 647; x_wconf 92' lang='lat'>5</span> 
     </span>
    </p>

    <p class='ocr_par' dir='ltr' id='par_1_6' title="bbox 2 655 1767 757">
     <span class='ocr_line' id='line_1_7' title="bbox 2 655 1767 757; baseline 0 -18"><span class='ocrx_word' id='word_1_52' title='bbox 2 655 6 699; x_wconf 36' lang='lat' dir='ltr'><strong>i</strong></span> <span class='ocrx_word' id='word_1_53' title='bbox 69 686 493 756; x_wconf 79' lang='lat' dir='ltr'><strong>circumagatur,</strong></span> <span class='ocrx_word' id='word_1_54' title='bbox 537 685 596 736; x_wconf 92' lang='lat' dir='ltr'><strong>in</strong></span> <span class='ocrx_word' id='word_1_55' title='bbox 633 684 778 736; x_wconf 92' lang='lat' dir='ltr'><strong>idem</strong></span> <span class='ocrx_word' id='word_1_56' title='bbox 816 703 1056 755; x_wconf 80' lang='lat' dir='ltr'><strong>rursum,</strong></span> <span class='ocrx_word' id='word_1_57' title='bbox 1093 685 1234 738; x_wconf 91' lang='lat' dir='ltr'><strong>unde</strong></span> <span class='ocrx_word' id='word_1_58' title='bbox 1273 685 1503 757; x_wconf 73' lang='lat' dir='ltr'><strong>incepit,</strong></span> <span class='ocrx_word' id='word_1_59' title='bbox 1548 685 1767 757; x_wconf 86' lang='lat' dir='ltr'><strong>feretur,</strong></span> 
     </span>
    </p>

    <p class='ocr_par' dir='ltr' id='par_1_7' title="bbox 0 716 1768 847">
     <span class='ocr_line' id='line_1_8' title="bbox 0 716 1768 847; baseline 0.001 -19"><span class='ocrx_word' id='word_1_60' title='bbox 0 716 6 839; x_wconf 60' lang='lat' dir='ltr'><strong>i</strong></span> <span class='ocrx_word' id='word_1_61' title='bbox 68 779 124 828; x_wconf 88' lang='lat' dir='ltr'><strong>et</strong></span> <span class='ocrx_word' id='word_1_62' title='bbox 154 775 223 843; x_wconf 78' lang='lat' dir='ltr'><strong>by</strong></span> <span class='ocrx_word' id='word_1_63' title='bbox 255 774 472 843; x_wconf 84' lang='lat' dir='ltr'><strong>quidem</strong></span> <span class='ocrx_word' id='word_1_64' title='bbox 502 774 925 843; x_wconf 90' lang='lat' dir='ltr'><strong>unumquodque</strong></span> <span class='ocrx_word' id='word_1_65' title='bbox 959 793 1145 843; x_wconf 84' lang='lat' dir='ltr'><strong>sperae</strong></span> <span class='ocrx_word' id='word_1_66' title='bbox 1173 778 1437 843; x_wconf 90' lang='lat' dir='ltr'><strong>punctum</strong></span> <span class='ocrx_word' id='word_1_67' title='bbox 1470 775 1768 847; x_wconf 80' lang='lat' dir='ltr'><strong>continget,</strong></span> 
     </span>
    </p>

    <p class='ocr_par' dir='ltr' id='par_1_8' title="bbox 1 863 1768 1006">
     <span class='ocr_line' id='line_1_9' title="bbox 1 863 1768 1006; baseline 0.001 -89"><span class='ocrx_word' id='word_1_68' title='bbox 1 868 7 1006; x_wconf 55' lang='grc' dir='ltr'>ί</span> <span class='ocrx_word' id='word_1_69' title='bbox 64 864 139 932; x_wconf 75' lang='lat' dir='ltr'><strong>ky</strong></span> <span class='ocrx_word' id='word_1_70' title='bbox 184 882 315 916; x_wconf 90' lang='lat' dir='ltr'><strong>uero</strong></span> <span class='ocrx_word' id='word_1_71' title='bbox 361 863 526 916; x_wconf 85' lang='lat' dir='ltr'><strong>faciet</strong></span> <span class='ocrx_word' id='word_1_72' title='bbox 576 864 873 916; x_wconf 80' lang='lat' dir='ltr'><strong>sectionem</strong></span> <span class='ocrx_word' id='word_1_73' title='bbox 913 863 1112 916; x_wconf 85' lang='lat' dir='ltr'><strong>circuli.</strong></span> <span class='ocrx_word' id='word_1_74' title='bbox 1192 864 1380 917; x_wconf 89' lang='lat' dir='ltr'><strong>circuli</strong></span> <span class='ocrx_word' id='word_1_75' title='bbox 1417 864 1591 935; x_wconf 82' lang='lat' dir='ltr'><strong>igitur</strong></span> <span class='ocrx_word' id='word_1_76' title='bbox 1627 865 1768 935; x_wconf 88' lang='lat' dir='ltr'><strong>peri-</strong></span> 
     </span>
    </p>

    <p class='ocr_par' dir='ltr' id='par_1_9' title="bbox 2 951 1764 1035">
     <span class='ocr_line' id='line_1_10' title="bbox 2 951 1764 1035; baseline 0 -28"><span class='ocrx_word' id='word_1_77' title='bbox 2 953 205 1035; x_wconf 34' lang='lat' dir='ltr'><strong>..feria</strong></span> <span class='ocrx_word' id='word_1_78' title='bbox 257 952 533 1005; x_wconf 89' lang='lat' dir='ltr'><strong>uidebitur</strong></span> <span class='ocrx_word' id='word_1_79' title='bbox 583 952 641 1004; x_wconf 89' lang='lat' dir='ltr'><strong>in</strong></span> <span class='ocrx_word' id='word_1_80' title='bbox 698 953 869 1022; x_wconf 86' lang='lat' dir='ltr'><strong>spera.</strong></span> <span class='ocrx_word' id='word_1_81' title='bbox 963 951 1106 1022; x_wconf 83' lang='lat' dir='ltr'><strong>dico,</strong></span> <span class='ocrx_word' id='word_1_82' title='bbox 1163 953 1420 1022; x_wconf 86' lang='lat' dir='ltr'><strong>quoniam</strong></span> <span class='ocrx_word' id='word_1_83' title='bbox 1474 957 1529 1006; x_wconf 93' lang='lat' dir='ltr'><strong>et</strong></span> <span class='ocrx_word' id='word_1_84' title='bbox 1583 954 1764 1007; x_wconf 89' lang='lat' dir='ltr'><strong>minus</strong></span> 
     </span>
    </p>

    <p class='ocr_par' dir='ltr' id='par_1_10' title="bbox 2 1041 1856 1117">
     <span class='ocr_line' id='line_1_11' title="bbox 2 1041 1856 1117; baseline -0.001 -22"><span class='ocrx_word' id='word_1_85' title='bbox 2 1056 6 1117; x_wconf 69' lang='lat' dir='ltr'><em>g</em></span> <span class='ocrx_word' id='word_1_86' title='bbox 67 1042 370 1111; x_wconf 81' lang='lat' dir='ltr'><strong>emisperiO.</strong></span> <span class='ocrx_word' id='word_1_87' title='bbox 426 1042 684 1110; x_wconf 88' lang='lat' dir='ltr'><strong>quoniam</strong></span> <span class='ocrx_word' id='word_1_88' title='bbox 707 1041 853 1094; x_wconf 87' lang='lat' dir='ltr'><strong>enim</strong></span> <span class='ocrx_word' id='word_1_89' title='bbox 878 1041 1246 1095; x_wconf 84' lang='lat' dir='ltr'><strong>semicirculus</strong></span> <span class='ocrx_word' id='word_1_90' title='bbox 1273 1046 1356 1095; x_wconf 88' lang='lat' dir='ltr'><strong>est</strong></span> <span class='ocrx_word' id='word_1_91' title='bbox 1378 1044 1449 1112; x_wconf 66' lang='lat' dir='ltr'><strong>it,</strong></span> <span class='ocrx_word' id='word_1_92' title='bbox 1483 1045 1564 1111; x_wconf 66' lang='lat' dir='ltr'><strong>qd</strong></span> <span class='ocrx_word' id='word_1_93' title='bbox 1584 1042 1764 1096; x_wconf 87' lang='lat' dir='ltr'><strong>minus</strong></span> <span class='ocrx_word' id='word_1_94' title='bbox 1798 1055 1856 1094; x_wconf 89' lang='lat'><strong>10</strong></span> 
     </span>
    </p>
   </div>
   <div class='ocr_carea' id='block_1_3' title="bbox 2 263 6 445">
    <p class='ocr_par' dir='ltr' id='par_1_11' title="bbox 2 263 6 445">
     <span class='ocr_line' id='line_1_12' title="bbox 2 263 6 445; baseline 0 2739"><span class='ocrx_word' id='word_1_95' title='bbox 2 263 6 445; x_wconf 95' lang='lat' dir='ltr'><strong> </strong></span> 
     </span>
    </p>
   </div>
   <div class='ocr_carea' id='block_1_4' title="bbox 69 1131 1765 1200">
    <p class='ocr_par' dir='ltr' id='par_1_12' title="bbox 69 1131 1765 1200">
     <span class='ocr_line' id='line_1_13' title="bbox 69 1131 1765 1200; baseline 0.001 -16"><span class='ocrx_word' id='word_1_96' title='bbox 69 1131 407 1184; x_wconf 80' lang='lat' dir='ltr'><strong>semicirculo</strong></span> <span class='ocrx_word' id='word_1_97' title='bbox 440 1134 536 1184; x_wconf 91' lang='lat' dir='ltr'><strong>est.</strong></span> <span class='ocrx_word' id='word_1_98' title='bbox 601 1135 656 1183; x_wconf 91' lang='lat' dir='ltr'><strong>et</strong></span> <span class='ocrx_word' id='word_1_99' title='bbox 693 1131 910 1183; x_wconf 89' lang='lat' dir='ltr'><strong>uidetur</strong></span> <span class='ocrx_word' id='word_1_100' title='bbox 941 1131 1042 1184; x_wconf 89' lang='lat' dir='ltr'><strong>sub</strong></span> <span class='ocrx_word' id='word_1_101' title='bbox 1075 1132 1145 1200; x_wconf 70' lang='lat' dir='ltr'><strong>by</strong></span> <span class='ocrx_word' id='word_1_102' title='bbox 1182 1131 1346 1185; x_wconf 87' lang='lat' dir='ltr'><strong>radiis</strong></span> <span class='ocrx_word' id='word_1_103' title='bbox 1380 1136 1434 1185; x_wconf 93' lang='lat' dir='ltr'><strong>et</strong></span> <span class='ocrx_word' id='word_1_104' title='bbox 1465 1133 1541 1185; x_wconf 79' lang='lat' dir='ltr'><strong>bd</strong></span> <span class='ocrx_word' id='word_1_105' title='bbox 1578 1133 1765 1186; x_wconf 90' lang='lat' dir='ltr'><strong>eadem</strong></span> 
     </span>
    </p>
   </div>
   <div class='ocr_carea' id='block_1_5' title="bbox 4 1220 1764 1377">
    <p class='ocr_par' dir='ltr' id='par_1_13' title="bbox 4 1220 1764 1377">
     <span class='ocr_line' id='line_1_14' title="bbox 4 1220 1764 1290; baseline 0.002 -18"><span class='ocrx_word' id='word_1_106' title='bbox 4 1222 5 1226; x_wconf 72' lang='grc'>’</span> <span class='ocrx_word' id='word_1_107' title='bbox 66 1238 253 1289; x_wconf 83' lang='lat' dir='ltr'><strong>sperae</strong></span> <span class='ocrx_word' id='word_1_108' title='bbox 283 1239 424 1289; x_wconf 74' lang='lat' dir='ltr'><strong>pars</strong></span> <span class='ocrx_word' id='word_1_109' title='bbox 487 1220 668 1273; x_wconf 80' lang='lat' dir='ltr'><strong>minus</strong></span> <span class='ocrx_word' id='word_1_110' title='bbox 702 1237 831 1290; x_wconf 84' lang='lat' dir='ltr'><strong>ergo</strong></span> <span class='ocrx_word' id='word_1_111' title='bbox 862 1220 1191 1290; x_wconf 89' lang='lat' dir='ltr'><strong>hemisperio</strong></span> <span class='ocrx_word' id='word_1_112' title='bbox 1219 1223 1310 1290; x_wconf 65' lang='lat' dir='ltr'><strong>qd.</strong></span> <span class='ocrx_word' id='word_1_113' title='bbox 1375 1225 1429 1274; x_wconf 92' lang='lat' dir='ltr'><strong>et</strong></span> <span class='ocrx_word' id='word_1_114' title='bbox 1462 1222 1562 1275; x_wconf 88' lang='lat' dir='ltr'><strong>sub</strong></span> <span class='ocrx_word' id='word_1_115' title='bbox 1595 1222 1764 1275; x_wconf 85' lang='lat' dir='ltr'><strong>radiis</strong></span> 
     </span>
     <span class='ocr_line' id='line_1_15' title="bbox 63 1309 606 1377; baseline 0.002 -16"><span class='ocrx_word' id='word_1_116' title='bbox 63 1309 135 1377; x_wconf 74' lang='lat'><strong>129</strong></span> <span class='ocrx_word' id='word_1_117' title='bbox 173 1313 228 1361; x_wconf 92' lang='lat' dir='ltr'><strong>et</strong></span> <span class='ocrx_word' id='word_1_118' title='bbox 267 1310 342 1362; x_wconf 81' lang='lat' dir='ltr'><strong>bd</strong></span> <span class='ocrx_word' id='word_1_119' title='bbox 376 1310 606 1362; x_wconf 89' lang='lat' dir='ltr'><strong>uidetur.</strong></span> 
     </span>
    </p>
   </div>
   <div class='ocr_carea' id='block_1_6' title="bbox 1 1471 1851 1990">
    <p class='ocr_par' dir='ltr' id='par_1_14' title="bbox 1 1471 1851 1990">
     <span class='ocr_line' id='line_1_16' title="bbox 1 1471 1765 1572; baseline 0.001 -46"><span class='ocrx_word' id='word_1_120' title='bbox 1 1471 7 1572; x_wconf 50' lang='lat'><em>3</em></span> <span class='ocrx_word' id='word_1_121' title='bbox 175 1471 345 1526; x_wconf 93' lang='lat' dir='ltr'><strong>Oculo</strong></span> <span class='ocrx_word' id='word_1_122' title='bbox 393 1473 678 1526; x_wconf 87' lang='lat' dir='ltr'><strong>accedente</strong></span> <span class='ocrx_word' id='word_1_123' title='bbox 724 1472 949 1543; x_wconf 89' lang='lat' dir='ltr'><strong>propius</strong></span> <span class='ocrx_word' id='word_1_124' title='bbox 995 1492 1182 1543; x_wconf 88' lang='lat' dir='ltr'><strong>sperae</strong></span> <span class='ocrx_word' id='word_1_125' title='bbox 1221 1474 1402 1527; x_wconf 89' lang='lat' dir='ltr'><strong>minus</strong></span> <span class='ocrx_word' id='word_1_126' title='bbox 1442 1474 1568 1544; x_wconf 81' lang='lat' dir='ltr'><strong>erit,</strong></span> <span class='ocrx_word' id='word_1_127' title='bbox 1618 1476 1765 1545; x_wconf 91' lang='lat' dir='ltr'><strong>quod</strong></span> 
     </span>
     <span class='ocr_line' id='line_1_17' title="bbox 61 1561 1851 1633; baseline 0 -19"><span class='ocrx_word' id='word_1_128' title='bbox 61 1561 358 1630; x_wconf 89' lang='lat' dir='ltr'><strong>uidebitur,</strong></span> <span class='ocrx_word' id='word_1_129' title='bbox 397 1562 613 1614; x_wconf 90' lang='lat' dir='ltr'><strong>uidetur</strong></span> <span class='ocrx_word' id='word_1_130' title='bbox 653 1566 835 1614; x_wconf 85' lang='lat' dir='ltr'><strong>autem</strong></span> <span class='ocrx_word' id='word_1_131' title='bbox 874 1563 1050 1633; x_wconf 85' lang='lat' dir='ltr'><strong>magis</strong></span> <span class='ocrx_word' id='word_1_132' title='bbox 1090 1563 1278 1615; x_wconf 89' lang='lat' dir='ltr'><strong>uideri.</strong></span> <span class='ocrx_word' id='word_1_133' title='bbox 1793 1575 1851 1614; x_wconf 88' lang='lat'><strong>15</strong></span> 
     </span>
     <span class='ocr_line' id='line_1_18' title="bbox 2 1651 1759 1723; baseline 0.001 -18"><span class='ocrx_word' id='word_1_134' title='bbox 2 1655 6 1705; x_wconf 58' lang='lat' dir='ltr'>f</span> <span class='ocrx_word' id='word_1_135' title='bbox 174 1655 292 1704; x_wconf 91' lang='lat' dir='ltr'><strong>esto</strong></span> <span class='ocrx_word' id='word_1_136' title='bbox 325 1669 497 1722; x_wconf 79' lang='lat' dir='ltr'><strong>spera,</strong></span> <span class='ocrx_word' id='word_1_137' title='bbox 529 1651 680 1704; x_wconf 89' lang='lat' dir='ltr'><strong>cuius</strong></span> <span class='ocrx_word' id='word_1_138' title='bbox 714 1655 961 1704; x_wconf 86' lang='lat' dir='ltr'><strong>centrum</strong></span> <span class='ocrx_word' id='word_1_139' title='bbox 993 1671 1043 1721; x_wconf 82' lang='lat' dir='ltr'><strong>a,</strong></span> <span class='ocrx_word' id='word_1_140' title='bbox 1076 1652 1263 1705; x_wconf 87' lang='lat' dir='ltr'><strong>oculus</strong></span> <span class='ocrx_word' id='word_1_141' title='bbox 1297 1656 1480 1705; x_wconf 89' lang='lat' dir='ltr'><strong>autem</strong></span> <span class='ocrx_word' id='word_1_142' title='bbox 1512 1654 1555 1723; x_wconf 80' lang='lat' dir='ltr'><strong>b,</strong></span> <span class='ocrx_word' id='word_1_143' title='bbox 1588 1672 1620 1705; x_wconf 89' lang='lat' dir='ltr'><strong>a</strong></span> <span class='ocrx_word' id='word_1_144' title='bbox 1651 1672 1759 1723; x_wconf 92' lang='lat' dir='ltr'><strong>quo</strong></span> 
     </span>
     <span class='ocr_line' id='line_1_19' title="bbox 61 1740 1761 1812; baseline 0.002 -19"><span class='ocrx_word' id='word_1_145' title='bbox 61 1740 291 1794; x_wconf 88' lang='lat' dir='ltr'><strong>ducatur</strong></span> <span class='ocrx_word' id='word_1_146' title='bbox 320 1744 469 1793; x_wconf 89' lang='lat' dir='ltr'><strong>recta</strong></span> <span class='ocrx_word' id='word_1_147' title='bbox 501 1741 588 1809; x_wconf 77' lang='lat' dir='ltr'><strong>ab,</strong></span> <span class='ocrx_word' id='word_1_148' title='bbox 627 1745 682 1793; x_wconf 90' lang='lat' dir='ltr'><strong>et</strong></span> <span class='ocrx_word' id='word_1_149' title='bbox 713 1741 1053 1794; x_wconf 86' lang='lat' dir='ltr'><strong>describatur</strong></span> <span class='ocrx_word' id='word_1_150' title='bbox 1086 1741 1227 1794; x_wconf 89' lang='lat' dir='ltr'><strong>circa</strong></span> <span class='ocrx_word' id='word_1_151' title='bbox 1258 1742 1330 1794; x_wconf 82' lang='lat' dir='ltr'><strong>ab</strong></span> <span class='ocrx_word' id='word_1_152' title='bbox 1369 1741 1601 1795; x_wconf 88' lang='lat' dir='ltr'><strong>circulus</strong></span> <span class='ocrx_word' id='word_1_153' title='bbox 1629 1744 1761 1812; x_wconf 78' lang='lat' dir='ltr'><strong>9hd,</strong></span> 
     </span>
     <span class='ocr_line' id='line_1_20' title="bbox 40 1822 1760 1901; baseline 0.002 -20"><span class='ocrx_word' id='word_1_154' title='bbox 40 1822 119 1882; x_wconf 69' lang='lat' dir='ltr'><strong>&#39;et</strong></span> <span class='ocrx_word' id='word_1_155' title='bbox 155 1829 406 1882; x_wconf 86' lang='lat' dir='ltr'><strong>trahatur</strong></span> <span class='ocrx_word' id='word_1_156' title='bbox 445 1830 513 1881; x_wconf 93' lang='lat' dir='ltr'><strong>ab</strong></span> <span class='ocrx_word' id='word_1_157' title='bbox 554 1848 590 1881; x_wconf 84' lang='lat' dir='ltr'><strong>a</strong></span> <span class='ocrx_word' id='word_1_158' title='bbox 625 1834 829 1898; x_wconf 92' lang='lat' dir='ltr'><strong>puncto</strong></span> <span class='ocrx_word' id='word_1_159' title='bbox 868 1834 1048 1883; x_wconf 89' lang='lat' dir='ltr'><strong>rectae</strong></span> <span class='ocrx_word' id='word_1_160' title='bbox 1088 1831 1159 1883; x_wconf 81' lang='lat' dir='ltr'><strong>ab</strong></span> <span class='ocrx_word' id='word_1_161' title='bbox 1201 1831 1268 1883; x_wconf 91' lang='lat' dir='ltr'><strong>ad</strong></span> <span class='ocrx_word' id='word_1_162' title='bbox 1305 1834 1485 1884; x_wconf 86' lang='lat' dir='ltr'><strong>rectos</strong></span> <span class='ocrx_word' id='word_1_163' title='bbox 1523 1836 1760 1901; x_wconf 90' lang='lat' dir='ltr'><strong>punctos</strong></span> 
     </span>
     <span class='ocr_line' id='line_1_21' title="bbox 46 1917 1759 1990; baseline 0.002 -19"><span class='ocrx_word' id='word_1_164' title='bbox 46 1917 122 1986; x_wconf 75' lang='lat' dir='ltr'><strong>¹in</strong></span> <span class='ocrx_word' id='word_1_165' title='bbox 157 1922 385 1987; x_wconf 89' lang='lat' dir='ltr'><strong>utraque</strong></span> <span class='ocrx_word' id='word_1_166' title='bbox 424 1922 574 1971; x_wconf 89' lang='lat' dir='ltr'><strong>recta</strong></span> <span class='ocrx_word' id='word_1_167' title='bbox 611 1936 688 1989; x_wconf 68' lang='lat' dir='ltr'><strong>ez,</strong></span> <span class='ocrx_word' id='word_1_168' title='bbox 727 1923 782 1971; x_wconf 94' lang='lat' dir='ltr'><strong>et</strong></span> <span class='ocrx_word' id='word_1_169' title='bbox 822 1919 1082 1972; x_wconf 89' lang='lat' dir='ltr'><strong>educatur</strong></span> <span class='ocrx_word' id='word_1_170' title='bbox 1121 1919 1339 1988; x_wconf 90' lang='lat' dir='ltr'><strong>quidem</strong></span> <span class='ocrx_word' id='word_1_171' title='bbox 1371 1939 1470 1990; x_wconf 86' lang='lat' dir='ltr'><strong>per</strong></span> <span class='ocrx_word' id='word_1_172' title='bbox 1500 1938 1562 1974; x_wconf 67' lang='lat' dir='ltr'><strong>ez</strong></span> <span class='ocrx_word' id='word_1_173' title='bbox 1601 1925 1654 1974; x_wconf 92' lang='lat' dir='ltr'><strong>et</strong></span> <span class='ocrx_word' id='word_1_174' title='bbox 1687 1922 1759 1975; x_wconf 81' lang='lat' dir='ltr'><strong>ab</strong></span> 
     </span>
    </p>
   </div>
   <div class='ocr_carea' id='block_1_7' title="bbox 67 2032 328 2039">
    <p class='ocr_par' dir='ltr' id='par_1_15' title="bbox 67 2032 328 2039">
     <span class='ocr_line' id='line_1_22' title="bbox 67 2032 328 2039; baseline 0 1145"><span class='ocrx_word' id='word_1_175' title='bbox 67 2032 328 2039; x_wconf 95' lang='lat' dir='ltr'><strong> </strong></span> 
     </span>
    </p>
   </div>
   <div class='ocr_carea' id='block_1_8' title="bbox 39 2093 1755 2214">
    <p class='ocr_par' dir='ltr' id='par_1_16' title="bbox 39 2093 1755 2214">
     <span class='ocr_line' id='line_1_23' title="bbox 183 2093 1755 2153; baseline 0.002 -15"><span class='ocrx_word' id='word_1_176' title='bbox 183 2100 222 2138; x_wconf 91' lang='lat'><strong>1.</strong></span> <span class='ocrx_word' id='word_1_177' title='bbox 255 2093 486 2153; x_wconf 83' lang='lat' dir='ltr'><strong>Euclidis]</strong></span> <span class='ocrx_word' id='word_1_178' title='bbox 520 2094 583 2138; x_wconf 87' lang='lat' dir='ltr'><strong>-is</strong></span> <span class='ocrx_word' id='word_1_179' title='bbox 615 2096 668 2139; x_wconf 69' lang='lat' dir='ltr'><strong>i‘n</strong></span> <span class='ocrx_word' id='word_1_180' title='bbox 698 2109 789 2140; x_wconf 78' lang='lat' dir='ltr'><strong>ras.</strong></span> <span class='ocrx_word' id='word_1_181' title='bbox 816 2095 878 2139; x_wconf 90' lang='lat' dir='ltr'><strong>D.</strong></span> <span class='ocrx_word' id='word_1_182' title='bbox 976 2100 1015 2140; x_wconf 91' lang='lat'><strong>2.</strong></span> <span class='ocrx_word' id='word_1_183' title='bbox 1050 2096 1172 2141; x_wconf 77' lang='lat' dir='ltr'><strong>Ante</strong></span> <span class='ocrx_word' id='word_1_184' title='bbox 1203 2095 1293 2140; x_wconf 85' lang='lat' dir='ltr'><strong>erit</strong></span> <span class='ocrx_word' id='word_1_185' title='bbox 1323 2098 1406 2141; x_wconf 83' lang='lat' dir='ltr'><strong>del.</strong></span> <span class='ocrx_word' id='word_1_186' title='bbox 1441 2095 1565 2140; x_wconf 89' lang='lat' dir='ltr'><strong>enim</strong></span> <span class='ocrx_word' id='word_1_187' title='bbox 1589 2098 1661 2140; x_wconf 87' lang='lat' dir='ltr'><strong>est</strong></span> <span class='ocrx_word' id='word_1_188' title='bbox 1691 2097 1755 2141; x_wconf 89' lang='lat' dir='ltr'><strong>D.</strong></span> 
     </span>
     <span class='ocr_line' id='line_1_24' title="bbox 39 2153 1754 2214; baseline 0.002 -17"><span class='ocrx_word' id='word_1_189' title='bbox 39 2211 43 2214; x_wconf 85' lang='lat'><strong>.</strong></span> <span class='ocrx_word' id='word_1_190' title='bbox 123 2153 469 2211; x_wconf 87' lang='lat' dir='ltr'><strong>coniungantur</strong></span> <span class='ocrx_word' id='word_1_191' title='bbox 499 2155 563 2198; x_wconf 91' lang='lat' dir='ltr'><strong>D.</strong></span> <span class='ocrx_word' id='word_1_192' title='bbox 656 2158 695 2198; x_wconf 89' lang='lat'><strong>8.</strong></span> <span class='ocrx_word' id='word_1_193' title='bbox 730 2155 861 2214; x_wconf 91' lang='lat' dir='ltr'><strong>uero]</strong></span> <span class='ocrx_word' id='word_1_194' title='bbox 895 2170 980 2213; x_wconf 73' lang='lat' dir='ltr'><strong>my.</strong></span> <span class='ocrx_word' id='word_1_195' title='bbox 1006 2170 1061 2200; x_wconf 84' lang='lat' dir='ltr'><strong>m.</strong></span> <span class='ocrx_word' id='word_1_196' title='bbox 1089 2160 1115 2199; x_wconf 89' lang='lat'><strong><em>1</em></strong></span> <span class='ocrx_word' id='word_1_197' title='bbox 1148 2156 1211 2200; x_wconf 89' lang='lat' dir='ltr'><strong>D.</strong></span> <span class='ocrx_word' id='word_1_198' title='bbox 1306 2161 1374 2200; x_wconf 92' lang='lat'><strong>10.</strong></span> <span class='ocrx_word' id='word_1_199' title='bbox 1410 2155 1659 2212; x_wconf 88' lang='lat' dir='ltr'><strong>emisperia</strong></span> <span class='ocrx_word' id='word_1_200' title='bbox 1690 2156 1754 2201; x_wconf 89' lang='lat' dir='ltr'><strong>D.</strong></span> 
     </span>
    </p>
   </div>
   <div class='ocr_carea' id='block_1_9' title="bbox 0 2212 1757 2358">
    <p class='ocr_par' dir='ltr' id='par_1_17' title="bbox 0 2212 1757 2358">
     <span class='ocr_line' id='line_1_25' title="bbox 122 2212 1757 2274; baseline 0.002 -17"><span class='ocrx_word' id='word_1_201' title='bbox 122 2218 190 2257; x_wconf 91' lang='lat'><strong>11.</strong></span> <span class='ocrx_word' id='word_1_202' title='bbox 232 2212 544 2272; x_wconf 84' lang='lat' dir='ltr'><strong>semicirculo]</strong></span> <span class='ocrx_word' id='word_1_203' title='bbox 586 2227 633 2257; x_wconf 93' lang='lat' dir='ltr'><strong>-o</strong></span> <span class='ocrx_word' id='word_1_204' title='bbox 665 2215 717 2257; x_wconf 76' lang='lat' dir='ltr'><strong>in</strong></span> <span class='ocrx_word' id='word_1_205' title='bbox 746 2229 836 2259; x_wconf 79' lang='lat' dir='ltr'><strong>ras.</strong></span> <span class='ocrx_word' id='word_1_206' title='bbox 870 2215 932 2260; x_wconf 90' lang='lat' dir='ltr'><strong>D.</strong></span> <span class='ocrx_word' id='word_1_207' title='bbox 1089 2216 1199 2260; x_wconf 78' lang='lat' dir='ltr'><strong>Post</strong></span> <span class='ocrx_word' id='word_1_208' title='bbox 1239 2217 1300 2274; x_wconf 74' lang='lat' dir='ltr'><strong>by</strong></span> <span class='ocrx_word' id='word_1_209' title='bbox 1339 2221 1403 2260; x_wconf 78' lang='lat' dir='ltr'><strong>est</strong></span> <span class='ocrx_word' id='word_1_210' title='bbox 1434 2241 1488 2247; x_wconf 95' lang='lat'><strong>—-</strong></span> <span class='ocrx_word' id='word_1_211' title='bbox 1521 2218 1573 2260; x_wconf 74' lang='lat' dir='ltr'><strong>in</strong></span> <span class='ocrx_word' id='word_1_212' title='bbox 1601 2230 1692 2261; x_wconf 80' lang='lat' dir='ltr'><strong>ras.</strong></span> <span class='ocrx_word' id='word_1_213' title='bbox 1724 2219 1757 2260; x_wconf 76' lang='lat'><strong>2</strong></span> 
     </span>
     <span class='ocr_line' id='line_1_26' title="bbox 0 2271 1255 2358; baseline 0.001 -40"><span class='ocrx_word' id='word_1_214' title='bbox 0 2278 9 2326; x_wconf 58' lang='grc'><strong>4</strong></span> <span class='ocrx_word' id='word_1_215' title='bbox 45 2271 147 2358; x_wconf 53' lang='lat' dir='ltr'><strong>fia.</strong></span> <span class='ocrx_word' id='word_1_216' title='bbox 180 2273 244 2317; x_wconf 90' lang='lat' dir='ltr'><strong>D.</strong></span> <span class='ocrx_word' id='word_1_217' title='bbox 367 2278 434 2317; x_wconf 89' lang='lat'><strong>13.</strong></span> <span class='ocrx_word' id='word_1_218' title='bbox 470 2274 561 2331; x_wconf 72' lang='lat' dir='ltr'><strong>bd]</strong></span> <span class='ocrx_word' id='word_1_219' title='bbox 594 2279 703 2317; x_wconf 80' lang='lat' dir='ltr'><strong>mut.</strong></span> <span class='ocrx_word' id='word_1_220' title='bbox 737 2274 789 2317; x_wconf 70' lang='lat' dir='ltr'><strong>i‘n</strong></span> <span class='ocrx_word' id='word_1_221' title='bbox 827 2275 892 2319; x_wconf 78' lang='lat' dir='ltr'><strong>db</strong></span> <span class='ocrx_word' id='word_1_222' title='bbox 931 2276 1006 2319; x_wconf 78' lang='lat' dir='ltr'><strong>uel</strong></span> <span class='ocrx_word' id='word_1_223' title='bbox 1044 2277 1108 2320; x_wconf 84' lang='lat' dir='ltr'><strong>ab</strong></span> <span class='ocrx_word' id='word_1_224' title='bbox 1148 2276 1210 2319; x_wconf 90' lang='lat' dir='ltr'><strong>D.</strong></span> <span class='ocrx_word' id='word_1_225' title='bbox 1252 2330 1255 2334; x_wconf 21' lang='grc' dir='ltr'>Ι</span> 
     </span>
    </p>
   </div>
   <div class='ocr_carea' id='block_1_10' title="bbox 58 2377 264 2386">
    <p class='ocr_par' dir='ltr' id='par_1_18' title="bbox 58 2377 264 2386">
     <span class='ocr_line' id='line_1_27' title="bbox 58 2377 264 2386; baseline 0 798"><span class='ocrx_word' id='word_1_226' title='bbox 58 2377 264 2386; x_wconf 95' lang='lat' dir='ltr'><strong> </strong></span> 
     </span>
    </p>
   </div>
   <div class='ocr_carea' id='block_1_11' title="bbox 774 2382 992 2387">
    <p class='ocr_par' dir='ltr' id='par_1_19' title="bbox 774 2382 992 2387">
     <span class='ocr_line' id='line_1_28' title="bbox 774 2382 992 2387; baseline 0 0"><span class='ocrx_word' id='word_1_227' title='bbox 774 2382 992 2387; x_wconf 95' lang='lat' dir='ltr'><strong> </strong></span> 
     </span>
    </p>
   </div>
   <div class='ocr_carea' id='block_1_12' title="bbox 1288 2383 1578 2387">
    <p class='ocr_par' dir='ltr' id='par_1_20' title="bbox 1288 2383 1578 2387">
     <span class='ocr_line' id='line_1_29' title="bbox 1288 2383 1578 2387; baseline 0 0"><span class='ocrx_word' id='word_1_228' title='bbox 1288 2383 1578 2387; x_wconf 95' lang='lat' dir='ltr'><strong> </strong></span> 
     </span>
    </p>
   </div>
   <div class='ocr_carea' id='block_1_13' title="bbox 1580 2383 1749 2388">
    <p class='ocr_par' dir='ltr' id='par_1_21' title="bbox 1580 2383 1749 2388">
     <span class='ocr_line' id='line_1_30' title="bbox 1580 2383 1749 2388; baseline 0 0"><span class='ocrx_word' id='word_1_229' title='bbox 1580 2383 1749 2388; x_wconf 95' lang='lat' dir='ltr'><strong> </strong></span> 
     </span>
    </p>
   </div>
   <div class='ocr_carea' id='block_1_14' title="bbox 5 2399 1755 2972">
    <p class='ocr_par' dir='ltr' id='par_1_22' title="bbox 5 2399 1755 2971">
     <span class='ocr_line' id='line_1_31' title="bbox 48 2399 75 2431; baseline 0.148 -4"><span class='ocrx_word' id='word_1_230' title='bbox 48 2399 75 2431; x_wconf 75' lang='grc' dir='ltr'><strong>ι-</strong></span> 
     </span>
     <span class='ocr_line' id='line_1_32' title="bbox 54 2451 1754 2513; baseline 0.002 -18"><span class='ocrx_word' id='word_1_231' title='bbox 54 2476 75 2490; x_wconf 38' lang='lat'><strong>⁷.</strong></span> <span class='ocrx_word' id='word_1_232' title='bbox 122 2455 189 2496; x_wconf 91' lang='lat'><strong>14.</strong></span> <span class='ocrx_word' id='word_1_233' title='bbox 225 2453 340 2511; x_wconf 91' lang='grc' dir='ltr'><strong>ΒΓ]</strong></span> <span class='ocrx_word' id='word_1_234' title='bbox 375 2454 475 2496; x_wconf 92' lang='grc' dir='ltr'><strong>ΒΝ</strong></span> <span class='ocrx_word' id='word_1_235' title='bbox 502 2467 543 2495; x_wconf 84' lang='lat' dir='ltr'><strong>v.</strong></span> <span class='ocrx_word' id='word_1_236' title='bbox 668 2457 737 2496; x_wconf 87' lang='lat'><strong>15.</strong></span> <span class='ocrx_word' id='word_1_237' title='bbox 771 2452 877 2512; x_wconf 83' lang='grc' dir='ltr'><strong><em>τήν]</em></strong></span> <span class='ocrx_word' id='word_1_238' title='bbox 913 2467 1000 2498; x_wconf 91' lang='lat' dir='ltr'><strong>om.</strong></span> <span class='ocrx_word' id='word_1_239' title='bbox 1030 2453 1186 2498; x_wconf 87' lang='lat' dir='ltr'><strong>BVat.</strong></span> <span class='ocrx_word' id='word_1_240' title='bbox 1199 2468 1297 2497; x_wconf 85' lang='lat' dir='ltr'><strong>mv.</strong></span> <span class='ocrx_word' id='word_1_241' title='bbox 1422 2458 1489 2497; x_wconf 85' lang='lat'><strong>16.</strong></span> <span class='ocrx_word' id='word_1_242' title='bbox 1524 2451 1629 2513; x_wconf 85' lang='grc' dir='ltr'>μέν]</span> <span class='ocrx_word' id='word_1_243' title='bbox 1664 2466 1754 2498; x_wconf 89' lang='lat' dir='ltr'><strong>om</strong></span> 
     </span>
     <span class='ocr_line' id='line_1_33' title="bbox 53 2506 1754 2572; baseline 0.001 -17.008"><span class='ocrx_word' id='word_1_244' title='bbox 53 2506 212 2555; x_wconf 78' lang='lat' dir='ltr'><strong>Bvat.</strong></span> <span class='ocrx_word' id='word_1_245' title='bbox 223 2526 265 2556; x_wconf 86' lang='lat' dir='ltr'><strong>v.</strong></span> <span class='ocrx_word' id='word_1_246' title='bbox 395 2513 471 2571; x_wconf 83' lang='grc' dir='ltr'><strong>τῆ]</strong></span> <span class='ocrx_word' id='word_1_247' title='bbox 505 2526 593 2556; x_wconf 93' lang='lat' dir='ltr'><strong>om</strong></span> <span class='ocrx_word' id='word_1_248' title='bbox 621 2511 754 2555; x_wconf 88' lang='lat' dir='ltr'><strong>codd</strong></span> <span class='ocrx_word' id='word_1_249' title='bbox 894 2517 963 2557; x_wconf 89' lang='lat'><strong>17.</strong></span> <span class='ocrx_word' id='word_1_250' title='bbox 998 2511 1070 2572; x_wconf 83' lang='grc' dir='ltr'><strong>δέ]</strong></span> <span class='ocrx_word' id='word_1_251' title='bbox 1104 2527 1191 2557; x_wconf 92' lang='lat' dir='ltr'><strong>om.</strong></span> <span class='ocrx_word' id='word_1_252' title='bbox 1225 2513 1378 2557; x_wconf 85' lang='lat' dir='ltr'><strong>BVat.</strong></span> <span class='ocrx_word' id='word_1_253' title='bbox 1391 2527 1432 2556; x_wconf 83' lang='lat' dir='ltr'><strong>v.</strong></span> <span class='ocrx_word' id='word_1_254' title='bbox 1563 2510 1664 2557; x_wconf 82' lang='grc' dir='ltr'><strong><em>ἐπεί</em></strong></span> <span class='ocrx_word' id='word_1_255' title='bbox 1698 2540 1754 2546; x_wconf 95' lang='grc'><strong>-</strong></span> 
     </span>
     <span class='ocr_line' id='line_1_34' title="bbox 5 2570 1755 2630; baseline 0.001 -16"><span class='ocrx_word' id='word_1_256' title='bbox 5 2576 10 2588; x_wconf 85' lang='grc'><strong>”</strong></span> <span class='ocrx_word' id='word_1_257' title='bbox 52 2571 133 2615; x_wconf 63' lang='lat' dir='ltr'><strong>im</strong></span> <span class='ocrx_word' id='word_1_258' title='bbox 167 2571 267 2630; x_wconf 88' lang='grc' dir='ltr'><strong>ΓΔ]</strong></span> <span class='ocrx_word' id='word_1_259' title='bbox 306 2586 387 2628; x_wconf 84' lang='lat' dir='ltr'><strong>mg</strong></span> <span class='ocrx_word' id='word_1_260' title='bbox 355 2586 399 2628; x_wconf 84' lang='lat' dir='ltr'><strong>g.</strong></span> <span class='ocrx_word' id='word_1_261' title='bbox 432 2586 491 2615; x_wconf 91' lang='lat' dir='ltr'><strong>m.</strong></span> <span class='ocrx_word' id='word_1_262' title='bbox 527 2577 549 2614; x_wconf 89' lang='lat'>1</span> <span class='ocrx_word' id='word_1_263' title='bbox 592 2571 655 2625; x_wconf 80' lang='lat' dir='ltr'><strong>V3</strong></span> <span class='ocrx_word' id='word_1_264' title='bbox 704 2570 753 2614; x_wconf 89' lang='lat' dir='ltr'><strong>in</strong></span> <span class='ocrx_word' id='word_1_265' title='bbox 792 2573 925 2616; x_wconf 86' lang='lat' dir='ltr'><strong>textu</strong></span> <span class='ocrx_word' id='word_1_266' title='bbox 965 2574 1038 2616; x_wconf 86' lang='lat' dir='ltr'><strong>est</strong></span> <span class='ocrx_word' id='word_1_267' title='bbox 1077 2571 1178 2616; x_wconf 81' lang='grc' dir='ltr'><em>ἐπεὶ</em></span> <span class='ocrx_word' id='word_1_268' title='bbox 1217 2570 1304 2629; x_wconf 76' lang='grc' dir='ltr'><strong>γὰρ</strong></span> <span class='ocrx_word' id='word_1_269' title='bbox 1344 2571 1619 2629; x_wconf 80' lang='grc' dir='ltr'><em>ἡμικύκλιόν</em></span> <span class='ocrx_word' id='word_1_270' title='bbox 1660 2571 1755 2617; x_wconf 79' lang='grc' dir='ltr'><strong><em>ἐστι</em></strong></span> 
     </span>
     <span class='ocr_line' id='line_1_35' title="bbox 5 2628 1754 2737; baseline 0.001 -63"><span class='ocrx_word' id='word_1_271' title='bbox 5 2643 10 2667; x_wconf 71' lang='lat'>³</span> <span class='ocrx_word' id='word_1_272' title='bbox 47 2628 190 2737; x_wconf 39' lang='lat' dir='ltr'><strong>gova?</strong></span> <span class='ocrx_word' id='word_1_273' title='bbox 184 2635 239 2687; x_wconf 85' lang='grc' dir='ltr'><strong>Δ,</strong></span> <span class='ocrx_word' id='word_1_274' title='bbox 270 2634 436 2687; x_wconf 82' lang='lat' dir='ltr'><strong>postea</strong></span> <span class='ocrx_word' id='word_1_275' title='bbox 469 2633 765 2687; x_wconf 81' lang='lat' dir='ltr'><strong>expunctum.</strong></span> <span class='ocrx_word' id='word_1_276' title='bbox 921 2635 989 2676; x_wconf 82' lang='lat'><strong>18.</strong></span> <span class='ocrx_word' id='word_1_277' title='bbox 1025 2633 1142 2690; x_wconf 84' lang='grc' dir='ltr'><strong>ΗΘ]</strong></span> <span class='ocrx_word' id='word_1_278' title='bbox 1176 2634 1272 2677; x_wconf 87' lang='grc' dir='ltr'><strong>ΚΘ</strong></span> <span class='ocrx_word' id='word_1_279' title='bbox 1302 2647 1362 2675; x_wconf 92' lang='lat' dir='ltr'><strong>m.</strong></span> <span class='ocrx_word' id='word_1_280' title='bbox 1493 2630 1616 2677; x_wconf 80' lang='grc' dir='ltr'><strong><em>ἐστιν</em></strong></span> <span class='ocrx_word' id='word_1_281' title='bbox 1647 2632 1754 2689; x_wconf 80' lang='grc' dir='ltr'>ἡμι-</span> 
     </span>
     <span class='ocr_line' id='line_1_36' title="bbox 5 2666 1752 2749; baseline 0.002 -16"><span class='ocrx_word' id='word_1_282' title='bbox 5 2701 11 2733; x_wconf 79' lang='lat'>¹</span> <span class='ocrx_word' id='word_1_283' title='bbox 150 2666 250 2733; x_wconf 75' lang='grc' dir='ltr'><strong><em>λίου</em></strong></span> <span class='ocrx_word' id='word_1_284' title='bbox 282 2704 341 2733; x_wconf 91' lang='lat' dir='ltr'><strong>m.</strong></span> <span class='ocrx_word' id='word_1_285' title='bbox 487 2688 630 2748; x_wconf 79' lang='grc' dir='ltr'><strong>ἐστίν]</strong></span> <span class='ocrx_word' id='word_1_286' title='bbox 666 2688 759 2734; x_wconf 81' lang='grc' dir='ltr'><strong><em>ἐστι’</em></strong></span> <span class='ocrx_word' id='word_1_287' title='bbox 791 2690 897 2734; x_wconf 87' lang='lat' dir='ltr'><strong>Vat.</strong></span> <span class='ocrx_word' id='word_1_288' title='bbox 909 2706 950 2735; x_wconf 86' lang='lat' dir='ltr'><strong>v.</strong></span> <span class='ocrx_word' id='word_1_289' title='bbox 1105 2695 1172 2735; x_wconf 88' lang='lat'><strong>19.</strong></span> <span class='ocrx_word' id='word_1_290' title='bbox 1216 2691 1333 2749; x_wconf 93' lang='grc' dir='ltr'><strong>ΒΓ]</strong></span> <span class='ocrx_word' id='word_1_291' title='bbox 1374 2692 1474 2734; x_wconf 92' lang='grc' dir='ltr'><strong>ΒΝ</strong></span> <span class='ocrx_word' id='word_1_292' title='bbox 1500 2706 1542 2735; x_wconf 86' lang='lat' dir='ltr'><strong>v.</strong></span> <span class='ocrx_word' id='word_1_293' title='bbox 1681 2696 1752 2736; x_wconf 88' lang='lat'><strong>20.</strong></span> 
     </span>
     <span class='ocr_line' id='line_1_37' title="bbox 7 2746 1751 2809; baseline 0.002 -18"><span class='ocrx_word' id='word_1_294' title='bbox 7 2759 11 2791; x_wconf 70' lang='grc' dir='ltr'><strong><em>ι</em></strong></span> <span class='ocrx_word' id='word_1_295' title='bbox 92 2746 364 2806; x_wconf 77' lang='grc' dir='ltr'><strong><em>μισφαίριον</em></strong></span> <span class='ocrx_word' id='word_1_296' title='bbox 403 2764 445 2794; x_wconf 86' lang='lat' dir='ltr'><strong>v.</strong></span> <span class='ocrx_word' id='word_1_297' title='bbox 582 2750 694 2808; x_wconf 82' lang='grc' dir='ltr'>τῶν]</span> <span class='ocrx_word' id='word_1_298' title='bbox 736 2764 823 2794; x_wconf 91' lang='lat' dir='ltr'><strong>om.</strong></span> <span class='ocrx_word' id='word_1_299' title='bbox 858 2750 1011 2795; x_wconf 86' lang='lat' dir='ltr'><strong>BVat.</strong></span> <span class='ocrx_word' id='word_1_300' title='bbox 1024 2765 1064 2795; x_wconf 89' lang='lat' dir='ltr'><strong>v.</strong></span> <span class='ocrx_word' id='word_1_301' title='bbox 1218 2755 1288 2794; x_wconf 87' lang='lat'><strong>22.</strong></span> <span class='ocrx_word' id='word_1_302' title='bbox 1332 2750 1432 2809; x_wconf 83' lang='grc' dir='ltr'><strong>κδ’]</strong></span> <span class='ocrx_word' id='word_1_303' title='bbox 1471 2750 1542 2804; x_wconf 77' lang='grc' dir='ltr'><strong>κζ’</strong></span> <span class='ocrx_word' id='word_1_304' title='bbox 1577 2750 1751 2807; x_wconf 70' lang='lat' dir='ltr'><strong>VVat„</strong></span> 
     </span>
     <span class='ocr_line' id='line_1_38' title="bbox 6 2808 1750 2870; baseline 0.002 -19"><span class='ocrx_word' id='word_1_305' title='bbox 6 2820 11 2846; x_wconf 74' lang='lat'><strong>¹</strong></span> <span class='ocrx_word' id='word_1_306' title='bbox 167 2822 243 2852; x_wconf 79' lang='lat' dir='ltr'><strong>.v.</strong></span> <span class='ocrx_word' id='word_1_307' title='bbox 367 2813 437 2853; x_wconf 88' lang='grc'><strong>23.</strong></span> <span class='ocrx_word' id='word_1_308' title='bbox 469 2809 545 2868; x_wconf 85' lang='grc' dir='ltr'><strong>τῇ]</strong></span> <span class='ocrx_word' id='word_1_309' title='bbox 580 2808 735 2866; x_wconf 74' lang='grc' dir='ltr'><em>ἔγγιον</em></span> <span class='ocrx_word' id='word_1_310' title='bbox 767 2816 822 2867; x_wconf 81' lang='grc' dir='ltr'><strong>τῇ</strong></span> <span class='ocrx_word' id='word_1_311' title='bbox 854 2809 960 2854; x_wconf 77' lang='lat' dir='ltr'><strong>vat.</strong></span> <span class='ocrx_word' id='word_1_312' title='bbox 972 2825 1015 2867; x_wconf 83' lang='lat' dir='ltr'><strong>v,</strong></span> <span class='ocrx_word' id='word_1_313' title='bbox 1047 2812 1213 2866; x_wconf 84' lang='lat' dir='ltr'><strong>postea</strong></span> <span class='ocrx_word' id='word_1_314' title='bbox 1246 2809 1332 2853; x_wconf 86' lang='lat' dir='ltr'><strong>ins.</strong></span> <span class='ocrx_word' id='word_1_315' title='bbox 1365 2809 1416 2854; x_wconf 92' lang='lat' dir='ltr'><strong>B.</strong></span> <span class='ocrx_word' id='word_1_316' title='bbox 1540 2815 1609 2855; x_wconf 87' lang='lat'><strong>25.</strong></span> <span class='ocrx_word' id='word_1_317' title='bbox 1644 2809 1750 2870; x_wconf 83' lang='grc' dir='ltr'>μέν]</span> 
     </span>
     <span class='ocr_line' id='line_1_39' title="bbox 6 2866 1750 2970; baseline 0.002 -59"><span class='ocrx_word' id='word_1_318' title='bbox 6 2878 12 2963; x_wconf 52' lang='lat'>²</span> <span class='ocrx_word' id='word_1_319' title='bbox 106 2923 150 2970; x_wconf 73' lang='lat' dir='ltr'><strong>V</strong></span> <span class='ocrx_word' id='word_1_320' title='bbox 180 2866 333 2912; x_wconf 87' lang='lat' dir='ltr'><strong>BVat.</strong></span> <span class='ocrx_word' id='word_1_321' title='bbox 346 2883 386 2913; x_wconf 79' lang='lat' dir='ltr'><strong>v.</strong></span> <span class='ocrx_word' id='word_1_322' title='bbox 540 2873 610 2913; x_wconf 89' lang='lat'><strong>27.</strong></span> <span class='ocrx_word' id='word_1_323' title='bbox 644 2870 745 2927; x_wconf 89' lang='lat' dir='ltr'><strong>AB]</strong></span> <span class='ocrx_word' id='word_1_324' title='bbox 781 2883 894 2912; x_wconf 86' lang='lat' dir='ltr'><strong>corr.</strong></span> <span class='ocrx_word' id='word_1_325' title='bbox 929 2882 985 2913; x_wconf 87' lang='lat' dir='ltr'><strong>ex</strong></span> <span class='ocrx_word' id='word_1_326' title='bbox 1016 2872 1109 2913; x_wconf 84' lang='grc' dir='ltr'><strong>ΑΓ</strong></span> <span class='ocrx_word' id='word_1_327' title='bbox 1134 2869 1187 2913; x_wconf 91' lang='lat' dir='ltr'><strong>V.</strong></span> <span class='ocrx_word' id='word_1_328' title='bbox 1337 2874 1406 2914; x_wconf 87' lang='grc'><strong>28</strong></span> <span class='ocrx_word' id='word_1_329' title='bbox 1441 2868 1627 2931; x_wconf 78' lang='grc' dir='ltr'><strong>εὐθείᾳ]</strong></span> <span class='ocrx_word' id='word_1_330' title='bbox 1661 2884 1750 2915; x_wconf 91' lang='lat' dir='ltr'><strong>om.</strong></span> 
     </span>
     <span class='ocr_line' id='line_1_40' title="bbox 150 2928 265 2972; baseline 0 -2"><span class='ocrx_word' id='word_1_331' title='bbox 150 2928 213 2971; x_wconf 84' lang='lat' dir='ltr'><strong>at.</strong></span> <span class='ocrx_word' id='word_1_332' title='bbox 225 2942 265 2972; x_wconf 84' lang='lat' dir='ltr'><strong>v.</strong></span> 
     </span>
    </p>
   </div>
  </div>
 </body>
</html>
