1904 3184
146 123 219 175 20
714 121 998 163 EUCLIDIS
1032 120 1261 164 OPTICA.

145 245 208 297 τὸ
248 246 356 296 ΑΒ
405 245 674 312 φαίνεται.
751 243 812 294 τὸ
854 244 958 293 ΓΕ
1001 241 1107 309 ἄρα
1153 247 1251 293 τοῦ
1291 244 1404 292 ΕΔ
1450 241 1837 308 ταπεινότερον

148 335 429 403 φαίνεται,
469 332 529 384 τὸ
571 328 631 383 δὲ
671 335 782 383 ΕΔ
820 337 920 382 τοῦ
958 333 1084 382 ΔΒ.

950 476 1044 546 ιβ’.

270 588 394 637 Τῶν
426 586 504 646 εἰς
534 584 923 653 τοῦμπροσθεν
955 590 1125 651 μῆκος
1158 581 1395 650 ἐχόντων
1426 581 1492 633 τὰ
1516 578 1616 649 μὲν
1641 579 1700 632 ἐν
1724 589 1840 642 τοῖς

92 686 119 725 5
151 672 351 738 δεξιοῖς
390 675 468 735 εἰς
505 673 572 724 τὰ
611 671 872 743 ἀριστερὰ
911 672 1065 724 δοκεῖ
1091 676 1393 741 παρῆχθαι,
1432 670 1499 722 τὰ
1532 666 1590 722 δὲ
1631 668 1690 721 ἐν
1725 678 1839 731 τοῖς

150 763 459 835 ἀριστεροῖς
497 763 576 823 εἰς
613 762 680 814 τὰ
719 759 883 824 δεξιά.

261 854 396 905 ἔστω
445 852 549 904 δύο
596 850 848 921 ὁρώμενα
886 848 1092 919 μεγέθη
1139 850 1205 901 τὰ
1244 853 1378 917 ΑΒ,
1414 851 1536 916 ΓΛ,
1587 849 1732 916 ὄμμα
1780 843 1839 899 δὲ

150 944 286 995 ἔστω
334 941 395 993 τὸ
436 944 508 1008 Ε,
563 937 661 1008 ἀφ’
705 935 772 992 οὗ
819 936 1309 1009 προσπιπτέτωσαν
1356 937 1571 999 ἀκτῖνες
1618 937 1678 989 αἱ
1713 940 1838 1003 ΕΘ,

150 1033 277 1099 ΕΚ,
309 1034 430 1098 ΕΛ,
462 1032 584 1097 ΕΖ,
615 1032 746 1096 ΕΗ,
779 1031 897 1081 ΕΓ.
971 1026 1128 1095 λέγω,

62 1130 118 1170 10
151 1120 235 1172 ὅτι
281 1119 343 1171 αἰ
385 1115 486 1187 μὲν
532 1121 661 1185 ΕΖ,
700 1120 839 1185 ΕΗ,
879 1119 991 1170 ΕΓ
1038 1118 1130 1169 δο-

149 1215 346 1261 κοῦσιν
371 1208 449 1268 εἰς
472 1206 538 1258 τὰ
562 1205 822 1276 ἀριστερὰ
845 1211 1131 1275 μετῆχθαι,

151 1298 213 1350 αἱ
275 1293 335 1348 δὲ
396 1299 529 1364 ΕΘ,
575 1297 709 1363 ΕΚ,
757 1299 867 1347 ΕΑ
927 1297 1005 1357 εἰς
1065 1295 1132 1347 τὰ

150 1383 315 1449 δεξιά.
377 1383 493 1438 ἐπεὶ
530 1384 635 1454 γὰρ
675 1383 708 1452 ἡ
748 1388 851 1437 ΕΖ
891 1391 986 1452 τῆς
1017 1387 1140 1437 ΕΗ

151 1475 266 1528 ε’στι
313 1471 627 1543 δεξιωτέρα,
684 1472 714 1541 ἡ
763 1470 823 1526 δὲ
870 1476 992 1526 ΕΗ
1038 1481 1134 1542 τῆς

65 1573 118 1614 15
151 1565 280 1631 ΕΓ,
336 1562 600 1615 ε’ντεῦθεν
654 1563 760 1632 ἄρα
810 1561 843 1630 ἡ
890 1565 1003 1615 ΕΓ
1040 1570 1135 1631 τῆς

151 1655 275 1705 ΕΗ
306 1652 461 1703 δοκεῖ
495 1652 574 1713 εἰς
611 1651 678 1703 τὰ
717 1650 975 1721 ἀριστερὰ
1013 1670 1133 1720 μετ-

151 1745 354 1809 ῆχθαι,
427 1739 461 1807 ἡ
533 1737 592 1792 δὲ
653 1743 780 1792 ΗΕ
845 1747 940 1808 τῆς
1007 1744 1133 1792 ΕΖ.
1901 1812 1904 1813 ⁷

152 1829 355 1898 ὁμοίως
399 1827 492 1881 καὶ
538 1829 600 1880 αἱ
642 1831 775 1897 ΕΚ,
815 1832 943 1897 ΕΑ,
982 1833 1091 1882 ΕΘ
1145 1830 1410 1882 δοκοῦσιν
1457 1830 1534 1891 εἰς
1581 1829 1647 1881 τὰ
1695 1828 1844 1892 δεξιὰ
1900 1827 1904 1870 ἶ

152 1923 437 1988 μετῆχθαι.

64 2002 122 2046 20
956 1990 1050 2059 ιγ’.
1135 2035 1137 2043 ,
1190 2004 1194 2011 “

274 2099 397 2149 Τῶν
445 2100 582 2148 ἴσων
624 2100 879 2164 μεγεθῶν
925 2093 1017 2148 καὶ
1059 2095 1168 2148 ὑπὸ
1208 2096 1270 2149 τὸ
1310 2095 1444 2149 αὐτὸ
1485 2097 1629 2166 ὄμμα
1668 2094 1841 2165 κειμέ-
1899 2152 1901 2154 ,

152 2205 268 2239 νων
307 2185 374 2237 τὰ
412 2186 602 2255 πόρρω
641 2186 1012 2254 μετεωρότερα
1051 2187 1323 2254 φαίνεται.

267 2276 402 2327 ἔστω
445 2278 535 2326 ἴσα
573 2271 779 2342 μεγέθη
822 2274 888 2325 τὰ
926 2276 1054 2342 ΑΒ,
1096 2276 1211 2343 ΓΛ,
1251 2278 1380 2343 ΕΖ,
1420 2275 1566 2343 ὄμμα
1605 2271 1666 2327 δὲ
1706 2276 1841 2327 ἔστω
1894 2262 1895 2266 ’

155 2364 215 2416 τὸ
256 2366 322 2415 Η
352 2364 752 2432 μετεωρότερον
790 2364 1043 2430 κείμενον
1081 2372 1192 2415 τῶν
1231 2369 1508 2432 μεγεθῶν,
1546 2361 1638 2415 καὶ
1676 2377 1843 2434 προσ-

69 2462 126 2503 25
157 2451 504 2505 πιπτέτωσαν
544 2450 758 2513 ἀκτῖνες
796 2451 858 2503 αἱ
892 2454 1028 2519 ΗΑ,
1068 2454 1198 2520 ΗΓ,
1239 2455 1369 2505 ΗΕ.
1446 2451 1611 2520 λέγω,
1659 2453 1742 2505 ὅτι
1781 2453 1842 2505 τὸ

157 2545 268 2594 AB
300 2547 399 2593 τοῦ
427 2542 527 2592 ΓΔ
558 2541 957 2610 μετεωρότερον
990 2543 1259 2611 φαίνεται,
1289 2542 1350 2594 τὸ
1385 2538 1444 2593 δὲ
1471 2544 1571 2594 ΓΔ
1599 2549 1699 2594 τοῦ
1724 2545 1843 2593 ΕΖ.

158 2628 273 2682 ἐπεὶ
312 2630 417 2700 γὰρ
457 2628 491 2696 ἡ
530 2631 644 2681 HA
681 2635 777 2697 τῆς
815 2631 936 2681 ΗΓ
967 2628 1080 2682 ε’στι
1119 2629 1511 2700 μετεωροτέρα,
1557 2629 1590 2698 ἡ
1631 2628 1691 2683 δὲ
1730 2631 1852 2682 ΗΓ

158 2726 253 2787 τῆς
291 2721 423 2786 ΗΕ,
461 2715 554 2770 καὶ
594 2716 652 2770 ἐν
693 2711 736 2788 ὦ
775 2719 916 2770 εἰσιν
956 2719 1017 2771 αἱ
1051 2723 1180 2788 ΗΑ,
1218 2722 1348 2787 ΗΓ,
1387 2722 1526 2787 ΗΕ,
1567 2722 1627 2772 ἐν
1665 2719 1840 2790 τούτῳ

279 2868 318 2907 2.
352 2864 459 2920 ΔΒ]
503 2866 596 2907 ΔΕ
625 2863 736 2907 Vm.
859 2868 898 2907 3.
934 2863 1020 2922 ιβ’]
1055 2865 1119 2921 ιγ’
1154 2865 1287 2909 codd.
1417 2869 1457 2908 4.
1491 2865 1542 2909 τὸ
1577 2863 1840 2920 ἔμπροσθεν

160 2923 249 2967 Bv.
360 2927 486 2966 7—8.
523 2922 632 2966 ἔστω
665 2920 716 2966 δὲ
750 2921 874 2979 ὄμμα
905 2923 1111 2968 BVat.v.
1221 2929 1260 2968 8.
1294 2924 1497 2983 ἀκτῖνες]
1531 2938 1554 2968 e
1587 2938 1699 2967 corr.
1733 2923 1838 2967 Vat.
1902 2951 1904 2968 ς
