1904 3184
625 70 910 128 EnoLmIs
941 85 1173 131 OPTICA.
1678 85 1707 137 1
1719 84 1749 137 7

53 206 228 259 maior
273 205 556 275 proportio
610 223 772 275 quam
817 207 905 259 iet
946 206 1176 277 angulus
1225 206 1293 259 ad
1337 210 1431 260 zet
1474 207 1750 277 angulum.

51 298 109 348 et
155 313 221 347 ex
268 295 467 365 angulo
516 295 734 363 quidem
772 295 859 348 iet
901 294 1075 347 maior
1116 296 1217 366 qd,
1270 314 1334 348 ex
1377 295 1577 366 angulo
1618 314 1749 349 uero

49 387 144 438 zet
179 387 327 436 recta
365 383 544 436 minor
582 384 669 436 ab.
737 401 849 436 non
888 402 1017 454 ergo
1058 383 1331 437 distantiis
1370 385 1749 454 proportiona-

50 472 179 525 liter
216 471 472 524 uidentur
510 472 912 543 magnitudines
954 473 1221 542 aequales,

162 590 533 662 Rectangulae
580 591 983 662 magnitudines
1033 611 1061 645 e
1110 592 1371 646 distantia
1416 593 1565 647 uisae
1611 593 1748 663 peri-

50 679 218 732 feriae
259 684 536 749 apparent.

164 772 281 821 esto
338 769 481 821 enim
534 769 915 840 rectangulum
968 770 996 822 b
1003 787 1039 838 9
1099 770 1335 823 existens
1392 771 1665 824 eleuatum
1720 791 1748 825 e

50 857 315 910 distantia
360 857 554 911 uisum.
630 858 800 928 igitur
847 859 1104 927 quoniam
1143 861 1564 930 unumquodque
1607 861 1749 915 uiso-

50 965 173 999 rum
204 946 371 1000 habet
407 947 806 1018 longitudinem
838 947 1143 1014 distantiae,
1184 968 1290 1018 qua
1321 949 1467 1003 facta
1496 968 1607 1003 non
1637 951 1748 1004 iam

49 1034 289 1106 uidetur,
335 1037 568 1107 angulus
602 1055 638 1105 9
682 1037 899 1107 quidem
936 1056 1049 1090 non
1086 1037 1325 1109 uidetur,
1370 1043 1574 1109 puncta
1611 1059 1742 1094 uero

48 1126 99 1194 d,
128 1142 158 1178 z
195 1129 412 1178 tantum
452 1130 729 1195 apparent.
792 1126 1044 1179 similiter
1084 1130 1139 1180 et
1175 1127 1235 1180 in
1273 1147 1606 1199 unoquoque
1628 1131 1743 1183 reli·

46 1302 234 1373 fer[ia]
275 1304 572 1373 apparebit.

162 1420 275 1475 Sub
324 1423 479 1476 oculo
526 1423 822 1476 iacentium
868 1423 1156 1494 planorum
1194 1426 1491 1480 remotiora
1530 1427 1746 1497 quidem

48 1511 347 1564 eleuatiora
387 1516 663 1581 apparent.

160 1604 278 1653 esto
320 1601 508 1654 oculus
548 1620 584 1654 a
630 1602 894 1655 eleuatior
931 1602 1113 1656 iacens
1156 1623 1318 1674 quam
1356 1606 1523 1676 bedy,
1570 1610 1625 1659 et
1665 1626 1747 1661 ac-

46 1690 232 1744 cidant
262 1689 399 1741 radii
438 1689 524 1758 ab,
564 1707 647 1759 ae,
686 1691 777 1760 ad,
814 1708 902 1760 ay,
942 1708 1172 1759 quorum
1204 1692 1275 1744 ab
1314 1681 1475 1746 recta
1495 1694 1744 1748 cathetus

32 1782 167 1833 esto
207 1797 368 1848 super
408 1778 691 1831 subiacens
723 1779 959 1848 planum.
1023 1780 1159 1851 dico,
1198 1781 1342 1850 quod
1368 1784 1450 1850 ,φεῖ
1486 1801 1647 1852 quam
1679 1786 1746 1838 de

49 1867 315 1920 eleuatius
356 1870 595 1937 apparet,
636 1868 730 1921 sed
769 1871 824 1922 et
862 1869 929 1922 de
969 1887 1132 1938 quam
1171 1870 1246 1923 be.
1310 1875 1557 1925 sumatur
1594 1873 1653 1925 in
1684 1874 1746 1927 be

38 1949 312 2027 punctum
350 1973 399 2025 z,
447 1960 502 2009 et
547 1956 797 2010 trahatur
838 1958 1299 2028 perpendicularis
1337 1961 1409 2014 zi.
1488 1963 1745 2031 quoniam

20 2044 199 2121 guisus
238 2046 477 2116 primum
516 2045 767 2099 accidunt
800 2048 867 2100 ad
904 2049 964 2101 zi
1002 2066 1165 2117 quam
1198 2049 1265 2101 ad
1302 2066 1393 2120 29,
1432 2051 1641 2104 accidat
1680 2052 1746 2118 ei,

0 2215 6 2349 k
171 2226 239 2266 12.
272 2220 445 2278 perifer
474 2235 560 2279 seq.
593 2236 683 2267 ras.
717 2222 779 2266 D.
904 2227 973 2267 21.
1005 2223 1226 2283 primum]
1260 2239 1343 2270 scr.
1375 2225 1518 2282 prius,

2 2377 3 2385 ¹
40 2370 43 2379 Ι
111 2404 151 2445 2.
185 2398 289 2475 μέν]
326 2401 393 2457 μο
434 2401 590 2446 BVat.
730 2406 770 2447 3.
805 2400 1040 2475 βλέπεται]
1073 2406 1229 2461 μεῖζον
1261 2405 1466 2451 VBVat.
1480 2420 1577 2451 mv.
1702 2412 1742 2451 6.

0 2452 10 2495 ³·
48 2458 130 2518 θ’]
163 2459 198 2503 ι’
234 2460 366 2504 codd.
506 2466 544 2506 7.
579 2460 918 2518 ἀποστημάτων
950 2478 999 2519 v,
1041 2477 1189 2521 comp.
1223 2464 1377 2510 BVat.
1494 2469 1554 2510 9.
1589 2465 1743 2522 ὀρθω-

81 2531 222 2578 Anum
255 2549 296 2578 v.
445 2539 514 2580 10.
548 2534 682 2580 ἐστως
714 2536 770 2592 V,
805 2535 942 2582 ἑστώο
972 2537 1127 2581 BVat.
1139 2553 1236 2583 mv
1385 2544 1453 2584 13.
1486 2537 1743 2597 γενομένου

101 2590 197 2650 BV,
238 2591 487 2651 γινομένου
519 2594 627 2639 Vat.
765 2599 832 2639 14
869 2597 935 2654 Γ]
969 2594 1057 2654 γάρ
1091 2598 1191 2654 (per
1222 2601 1389 2656 comp.)
1424 2602 1467 2642 Γ
1494 2599 1546 2644 V.
1673 2605 1742 2646 16.

3 2665 11 2696 Ι
44 2647 159 2710 mal]
190 2653 318 2697 καὶ
294 2671 323 2710 η
357 2653 511 2699 BVat.
524 2669 566 2699 V.
662 2653 857 2700 ἕκαστον
888 2670 948 2712 m,
985 2654 1183 2714 ἑκάστην
1208 2657 1261 2702 V.
1358 2662 1425 2702 17
1461 2658 1742 2719 φανήσεται]

3 2724 11 2750 ι
47 2710 329 2769 συμβήσεται
361 2713 471 2758 Vm.
603 2719 670 2759 18.
705 2715 762 2773 ι’]
797 2714 865 2758 ια’
901 2714 1033 2760 codd.
1165 2721 1234 2761 21.
1271 2718 1438 2776 ΒΕΓ]
1474 2720 1626 2763 ΒΕΝ
1651 2719 1740 2764 Bv.

29 2795 55 2823 4
110 2773 181 2815 22.
211 2770 533 2827 προσπιπτέτω
565 2773 673 2818 Vat.
684 2789 725 2819 v.
856 2778 927 2818 25.
958 2775 1057 2833 τῆς]
1090 2774 1142 2819 τό
1175 2791 1223 2832 v,
1263 2783 1346 2821 τοῦ
1378 2776 1485 2822 Vat.
1496 2777 1547 2823 B.
1671 2784 1740 2824 26.

2 2838 43 2878 b
29 2827 174 2911 ’ματ
112 2825 192 2948 alf
213 2844 327 2935 ἕεξῖτ.
339 2832 546 2937 {gago}
567 2838 726 2937 Vat2.7·
759 2813 1506 2953 κα2ί8].871τ1ἕέἓπῗσῗῖέτῗῖὶσέννήας1ξῃ
1512 2837 1740 2943 εξάνξοιξιζῖ

2 2903 143 3111 &a
138 2970 236 3005 Eue
245 2972 372 3007 lides
416 2974 501 3008 e.dd
518 2975 690 3018 Heirbeg
714 2976 862 3009 eentM
840 2985 924 3018 nge.
963 2977 1051 3009 vu.
1449 2976 1474 3015 2

0 3090 75 3184 ‚il

50 1232 283 1283 quorum
322 1215 646 1285 angulorum
686 1215 790 1269 hoc
830 1215 1127 1316 continget.
1205 1234 1368 1285 quare
1400 1222 1580 1272 totum
1610 1220 1750 1289 peri-

1782 1053 1836 1092 10

1779 1529 1835 1568 15

1777 1974 1835 2014 20
