1904 3184
215 81 322 134 190
563 83 912 125 OPTICORUM
943 82 1240 125 RECENSIO
1272 83 1549 127 THEONIS.

212 202 365 271 δρος·
421 201 622 270 ὁμοίως
675 202 779 269 γὰρ
827 208 893 271 τῇ
939 201 1096 270 βάσει
1150 202 1288 254 κατὰ
1332 209 1516 255 πᾶσαν
1569 201 1896 271 ἐπιφάνειαν

211 298 311 343 τοῦ
357 291 661 360 κυλίνδρου
716 289 979 359 δείξομεν.
1071 291 1209 343 ὥστε
1259 290 1393 344 ὅλου
1447 297 1547 343 τοῦ
1593 292 1896 360 κυλίνδρου

210 386 309 432 τοῦ
348 378 569 448 ἡμίσεος
608 381 834 432 ἔλαττον
873 381 1142 448 φαίνεται.

993 600 1107 654 κθ’.

147 729 173 768 5
326 722 436 772 Τοῦ
493 716 553 772 δὲ
606 720 846 788 ὄμματος
899 721 1087 786 ἔγγιον
1133 717 1392 781 τεθέντος
1444 725 1543 771 τοῦ
1589 719 1904 788 κυλίνδρου

204 810 439 861 ἔλασσον
469 805 570 877 μὲν
601 810 752 861 ἔσται
784 808 845 861 τὸ
870 810 1416 878 περιλαμβανόμενον
1441 807 1550 861 ὑπὸ
1575 816 1686 860 τῶν
1710 808 1904 883 ὄψεων.

203 904 303 950 τοῦ
342 897 664 967 κυλίνδρου,
703 895 851 960 δόξει
889 893 950 949 δὲ
988 899 1172 966 μεῖζον
1211 896 1466 965 ὁρᾶσθαι.

315 1003 452 1054 ἔστω
501 1001 606 1071 γὰρ
652 1001 958 1071 κυλίνδρου
1004 1007 1105 1053 τοῦ
1151 999 1276 1070 περὶ
1322 1002 1423 1069 τὴν
1468 999 1634 1069 βάσιν
1682 981 1904 1065 κύκλουξ

202 1086 435 1159 κέντρον
473 1090 534 1143 τὸ
574 1092 650 1157 Κ,
690 1087 782 1142 καὶ
822 1089 927 1143 ἀπὸ
967 1097 1067 1142 τοῦ
1099 1093 1147 1142 Β
1187 1091 1427 1159 ὄμματος
1466 1087 1553 1143 ἐπὶ
1584 1089 1644 1142 τὸ
1677 1091 1734 1140 Κ
1766 1086 1904 1143 κέν-ὲ

114 1188 168 1227 10
200 1197 334 1247 τρον
366 1177 672 1248 ἐπεζεύχθω
705 1178 810 1247 ἡΒ
822 1181 891 1247 Κ,
931 1179 1024 1231 διὰ
1056 1175 1117 1231 δὲ
1147 1186 1247 1231 τοῦ
1271 1181 1329 1231 Κ
1354 1179 1492 1248 πρὸς
1523 1177 1700 1247 ὀρθὰς
1730 1178 1887 1246 ἤχθω

198 1266 231 1334 ἡ
275 1269 399 1336 ΓΔ,
445 1265 538 1320 καὶ
575 1265 701 1337 περὶ
740 1268 841 1336 τὴν
879 1270 988 1320 ΚΒ
1027 1268 1228 1330 κύκλος
1266 1266 1594 1336 γεγράφθω,
1639 1263 1730 1318 καὶ
1769 1265 1888 1319 ἑπε-

200 1356 519 1424 ζεύχθωσαν
551 1356 612 1408 αἱ
639 1359 771 1424 ΒΝ,
794 1358 932 1425 ΝΚ,
963 1359 1083 1425 BA,
1109 1358 1235 1408 ΛΚ.
1295 1355 1387 1408 διὰ
1419 1356 1488 1424 δὴ
1519 1355 1586 1408 τὰ
1615 1356 1888 1425 πρότερον

197 1445 258 1498 τὸ
285 1448 468 1498 AZN
493 1447 718 1498 ἔλαττόν
742 1444 893 1498 ἐστιν
923 1444 1269 1514 ἡμικυκλίου,
1300 1442 1391 1497 καὶ
1414 1444 1616 1513 ὁμοίως
1638 1452 1703 1514 τῇ
1727 1443 1887 1512 βάσει

200 1532 334 1586 ὅλου
381 1540 481 1586 τοῦ
527 1534 832 1601 κυλίνδρου
879 1536 1106 1587 ἔλαττον
1150 1532 1184 1601 ἢ
1222 1534 1284 1586 τὸ
1322 1533 1491 1602 ἥμισυ
1532 1532 1867 1602 ὁραθήσεται

110 1631 164 1671 15
195 1623 497 1692 προσήχθω
546 1623 614 1691 δὴ
661 1623 722 1676 τὸ
762 1624 908 1692 ὄμμα
952 1620 1045 1675 καὶ
1083 1623 1221 1675 ἔστω
1261 1622 1322 1675 τὸ
1367 1625 1442 1689 Φ,
1488 1620 1580 1674 καὶ
1616 1620 1742 1690 περὶ
1780 1623 1843 1690 τὴ

200 1713 318 1764 ΦΚ
350 1712 551 1774 κύκλος
589 1710 912 1781 γεγράφθω,
950 1708 1043 1763 καὶ
1075 1709 1489 1779 ἐπεζεύχθωσαν
1520 1709 1582 1762 αἱ
1614 1713 1732 1778 ΦΡ,
1760 1712 1869 1762 PK

194 1802 252 1851 Κ
258 1802 325 1867 Σ
350 1802 408 1851 Σ
417 1802 482 1852 Φ
538 1799 745 1852 οὐκοῦν
773 1800 835 1852 αἰ
862 1798 968 1853 ἀπὸ
992 1807 1092 1853 τοῦ
1121 1803 1172 1852 Φ
1203 1798 1418 1862 ἀκτῖνες
1440 1801 1857 1869 προσπίπτουσα

193 1888 330 1940 κατὰ
375 1888 472 1950 τας
517 1890 644 1956 ΦΡ,
688 1891 807 1940 ΦΣ
846 1896 1169 1957 πεσοῦνται,
1224 1889 1286 1941 αἱ
1327 1886 1394 1940 δέ
1435 1907 1495 1956 γε
1541 1887 1646 1940 άπὸ
1693 1894 1791 1940 τοῦ
1830 1889 1897 1983 B«.

192 1978 329 2030 κατὰ
373 1977 471 2039 τας
508 1980 642 2046 ΒΛ,
675 1980 814 2030 ΒΝ·
869 1980 1052 2047 μεῖζον
1098 1979 1204 2046 άρα
1242 1978 1303 2031 τὸ
1342 1980 1519 2030 ΝΖΛ
1564 1984 1663 2030 τοῦ
1703 1943 1897 2028 ΡΖΣὲ

105 2076 161 2116 ‘20
193 2066 349 2119 δοκεῖ
383 2062 444 2119 δὲ
478 2068 661 2135 μεῖζον
691 2069 994 2135 φαίνεσθαι
1025 2068 1087 2120 τὸ
1120 2070 1287 2119 ΡΖΣ
1319 2073 1417 2119 τοῦ
1448 2069 1512 2119 Ν
1518 2068 1644 2118 ΖΛ
1684 2009 1897 2158 μείζωῆ

192 2155 297 2224 γὰρ
345 2153 378 2223 ἡ
431 2158 482 2207 Φ
532 2157 707 2223 γωνία
759 2163 855 2224 τῆς
899 2159 946 2208 Β
1001 2158 1219 2223 γωνίας.
1311 2155 1448 2207 ὥστε
1500 2153 1592 2207 καὶ
1636 2161 1735 2207 τοῦ
1781 2172 1892 2235 xvj(

196 2244 428 2313 λίνδρου
490 2246 716 2297 ἔλαττον
769 2243 932 2314 μέρος
984 2244 1320 2314 ὀφθήσεται,
1382 2244 1536 2296 δοκεῖ
1589 2240 1649 2296 δὲ
1694 2245 1889 2312 μεῖζονῑ

192 2332 449 2402 ὁρᾶσθαι.
1867 2330 1904 2443 i,

1898 2412 1904 2458 Ι

1866 2463 1904 2556 Ι

218 2584 222 2587 “
311 2587 349 2627 1.
384 2580 644 2639 ἐπιφάνιαν
675 2597 716 2626 v.
810 2583 1005 2626 2.Α111’,θ
1037 2580 1249 2638 δείξομεν
1280 2580 1366 2624 ins.
1399 2581 1449 2625 τὸ
1474 2581 1587 2624 αὐτὸ
1614 2572 1904 2639 συμβαῖνον.

188 2656 247 2687 m
273 2655 362 2687 rec.
389 2642 443 2687 V.
567 2646 606 2686 3.
639 2638 837 2697 ἡμίσεως
867 2642 922 2697 V,
960 2641 1042 2685 sed
1075 2655 1187 2686 corr.
1310 2645 1349 2684 5.
1383 2638 1461 2698 δέ]
1496 2639 1586 2684 del.
1611 2655 1670 2685 m.
1696 2653 1785 2685 rec.
1811 2639 1867 2687 V.

250 2700 428 2758 ἔγγειον
459 2701 513 2746 V.
637 2705 676 2744 9.
710 2704 757 2744 Κ
777 2700 873 2757 (alt.
877 2702 912 2759 )]
946 2714 970 2744 e
1004 2714 1117 2745 corr.
1151 2716 1210 2744 111.
1246 2705 1268 2743 1
1304 2699 1358 2744 V.
1489 2705 1557 2744 12.
1592 2698 1672 2743 διά
1702 2726 1757 2732 -
1793 2703 1861 2745 14.

189 2760 492 2819 ὁραθήσεται]
524 2775 615 2817 mg.
648 2774 708 2804 111.
744 2765 768 2802 2
800 2760 854 2816 V,
893 2774 980 2804 om.
1014 2775 1056 2804 v.
1180 2763 1248 2803 14.
1281 2757 1331 2817 ἥ]
1365 2772 1452 2803 0111.
1485 2773 1529 2815 p.
1653 2763 1720 2803 20.
1753 2756 1895 2808 Post

189 2822 242 2862 N
251 2823 334 2864 ZA
365 2833 454 2864 ras.
490 2825 512 2863 1
546 2819 639 2864 litt.
672 2818 727 2863 V.
850 2821 1003 2875 μεῖζον
1035 2834 1076 2863 v.
1211 2823 1281 2862 21.
1313 2818 1435 2861 Ante
1471 2821 1509 2861 Φ
1539 2817 1624 2863 ins
1658 2818 1772 2873 πρὸς
1802 2818 1881 2876 τῷ

186 2893 245 2923 m.
282 2892 370 2923 rec.
404 2879 457 2923 V.
580 2879 702 2922 Ante
736 2882 770 2921 Β
802 2878 888 2924 ins.
921 2878 1037 2934 πρὸς
1067 2882 1130 2937 τῷ
1160 2893 1220 2921 m.
1252 2890 1340 2922 rec.
1374 2877 1427 2921 V.
1846 2923 1849 2925 ,
