1904 3184
755 87 1143 133 CATOPTRIGA.
1680 88 1788 141 329

24 190 38 232 J
98 208 147 262 si
177 207 323 261 enim
353 207 422 260 ad
452 206 669 260 oculum
700 206 1085 278 refringantur,
1125 209 1311 280 anguli
1343 209 1411 262 ad
1441 215 1509 280 A,
1543 213 1597 263 Γ
1625 210 1790 280 positi

18 294 39 365 '3
98 298 348 368 aequales
379 296 515 348 fiant
546 295 720 365 [prop.
746 296 821 366 2].
876 297 1366 351 demonstrabimus
1399 302 1596 370 autem,
1627 299 1791 353 etiam

12 1023 52 1143 ξ
100 1039 148 1094 si
188 1040 376 1093 oculus
418 1042 570 1093 extra
609 1036 877 1091 ambitum
916 1036 1004 1106 sit,
1043 1037 1229 1090 eadem
1269 1037 1527 1108 adcidere‚
1564 1037 1616 1090 h.
1649 1056 1693 1092 e.
1730 1042 1793 1092 ut

12 1131 51 1187 2st
101 1129 290 1182 oculus
344 1147 455 1181 non
502 1130 774 1196 cernatur,
830 1126 955 1196 quia
999 1125 1352 1179 refractiones
1401 1127 1468 1179 ad
1514 1145 1638 1180 eum
1682 1145 1794 1181 non

11 1190 51 1336 ᾖ
98 1218 251 1273 fiunt.

9 1377 55 1422 η
904 1349 989 1402 26.

10 1427 58 1583 ἰ
210 1453 275 1507 In
314 1452 547 1524 speculis
588 1452 840 1506 concauis
881 1451 927 1504 si
967 1451 1130 1504 ducta
1168 1451 1431 1506 diametro
1472 1454 1730 1524 sphaerae
1761 1473 1791 1508 e

99 1547 285 1598 centro
315 1546 465 1597 recta
495 1540 953 1612 perpendicularis
987 1540 1228 1612 erigitur,
1262 1545 1316 1594 et
1346 1542 1404 1594 in
1435 1543 1606 1596 altera
1634 1547 1790 1614 parte

8 1660 11 1691 ;
101 1632 290 1687 oculus
330 1631 650 1700 collocatur,
694 1629 832 1682 nihil
872 1647 1080 1699 eorum,
1129 1648 1262 1699 quae
1308 1631 1366 1684 in
1414 1633 1599 1685 eadem
1636 1636 1791 1702 parte

101 1725 242 1790 sunt,
279 1721 337 1774 in
368 1739 475 1791 qua
516 1719 719 1789 oculuS‚
758 1722 1021 1789 cernetur,
1058 1719 1109 1772 h.
1135 1738 1178 1772 e.
1209 1738 1383 1789 neque
1415 1738 1617 1792 eorum,
1656 1740 1791 1791 quae

7 1863 12 1882 ⁸
99 1810 158 1864 in
196 1809 461 1863 diametro
470 1853 484 1878 ,
521 1826 695 1878 neque
737 1825 872 1877 quae
913 1811 1066 1861 extra
1105 1826 1223 1861 eam
1263 1813 1403 1862 sunt.

6 1879 51 1993 ils
1043 1897 1115 1951 sit
1146 1903 1200 1951 A
1209 1900 1312 1952 ΓΛ
1352 1900 1630 1969 speculum
1670 1919 1792 1955 con-

6 2010 9 2057 ζ
55 2020 57 2022 v
954 2007 1173 2058 cauum,
1243 1989 1538 2043 diametrus
1609 1994 1792 2044 autem

955 2078 1212 2148 sphaerae
1253 2078 1326 2132 sit
1365 2083 1488 2149 AA,
1526 2083 1581 2132 et
1612 2098 1640 2132 e
1673 2098 1792 2134 cen-

954 2172 1041 2221 tro
1084 2171 1129 2221 Z
1176 2167 1266 2234 ad}
1290 2172 1399 2221 AA
1446 2168 1794 2239 perpendicu-

954 2256 1084 2311 laris
1139 2257 1380 2328 erigatur
1429 2259 1550 2328 ZF,
1605 2257 1792 2311 oculus

957 2351 1139 2400 autem
1168 2347 1241 2400 sit
1271 2350 1333 2415 B,
1373 2350 1428 2399 et
1461 2350 1570 2399 ΒΕ
1597 2347 1793 2401 radius,

958 2439 1068 2490 BE
1105 2436 1276 2506 igitur
1315 2433 1580 2490 refractus
1619 2454 1792 2506 neque

957 2526 1024 2578 ad
1064 2529 1111 2578 Β
1161 2543 1335 2595 neque
1381 2526 1448 2578 ad
1498 2529 1542 2578 Z
1588 2524 1793 2596 ueniet3

6 2620 11 2688 ξ
106 2619 207 2673 sub
239 2618 555 2689 aequalibus
594 2617 738 2671 enim
770 2615 983 2687 angulis
1022 2614 1354 2686 refringitur.
1414 2614 1599 2684 itaque
1639 2614 1794 2667 cadet

6 2689 11 2728 ³
67 2742 70 2745 ι
104 2711 168 2780 ut
198 2711 321 2762 ΕΘ.
382 2706 634 2762 similiter
673 2706 837 2759 etiam
878 2705 924 2758 si
964 2704 1153 2758 oculus
1187 2703 1333 2756 intra
1372 2701 1624 2757 ceciderit
1654 2702 1712 2755 in
1747 2706 1795 2756 Θ

0 2791 14 2873 ζ,
104 2796 194 2851 uel
230 2797 289 2850 in
327 2796 590 2850 diametro
628 2795 687 2848 in
726 2798 805 2864 Μ
844 2793 981 2847 radii
1025 2795 1146 2862 ΘΚ,
1177 2796 1315 2846 ΜΝ
1346 2791 1564 2846 refracti
1603 2792 1795 2846 cadent

0 2870 21 2938 ³5.
105 2888 169 2939 ut
214 2888 336 2957 ΚΛ,
365 2889 429 2939 Ν
436 2885 495 2946 Ξ.
566 2902 695 2956 ergo
733 2882 870 2936 nihil
910 2901 1112 2953 eorum,
1152 2899 1287 2952 quae
1326 2881 1384 2934 in
1415 2881 1600 2935 eadem
1638 2884 1793 2951 parte
