1904 3184
117 145 121 148 .
179 103 251 156 32
256 104 288 155 8
835 102 1224 150 CATOPTRICA.

181 227 318 279 ὥστε
358 225 459 278 οὐκ
499 223 1018 292 ἀνακλασθήσονται
1056 226 1118 277 αί
1143 228 1264 294 ΒΑ,
1288 228 1401 279 ΒΓ
1431 224 1587 290 ὄψεις
1618 225 1701 279 ἐπὶ
1735 228 1796 280 τὸ
1821 230 1870 279 Β

180 313 342 384 ὄμμα.
405 319 482 376 εἰς
519 314 581 366 τὸ
613 312 761 382 ὄμμα
800 310 860 366 δὲ
890 315 944 366 εί
971 311 1297 382 ἀνεκλῶντο,
1340 320 1452 368 ἴσαι
1484 313 1554 368 ἂν
1585 316 1646 368 αἱ
1673 317 1870 383 γωνίαι

180 403 319 473 πρὸς
357 412 472 465 τοῖς
511 407 580 471 Α,
614 405 669 455 Γ
698 401 998 470 ἐγίγνοντο.
1076 405 1424 473 δειχθήσεται
1464 402 1541 473 δέ,
1579 403 1683 457 κᾶν
1719 404 1873 467 ε’κτὸς

181 498 277 559 τῆς
308 493 659 561 περιφερείας
688 489 911 559 γένηται
942 492 1004 545 τὸ
1029 490 1192 561 ὄμμα,
1224 493 1290 545 τὰ
1315 492 1454 546 αὐτὰ
1478 495 1872 562 συμβαίνοντα,

123 590 150 630 5
182 578 431 633 τουτέστι
463 580 524 633 τὸ
556 581 629 649 μὴ
661 579 902 651 ὁρᾶσθαι
934 582 996 634 τὸ
1028 579 1175 651 ὄμμα
1207 582 1299 635 διὰ
1330 583 1392 635 τὸ
1427 582 1524 644 τὰς
1548 581 1872 645 ἀνακλάσεις

179 670 252 738 μὴ
293 667 554 736 γενέσθαι
594 667 677 721 ἐπ’
713 669 862 723 αὐτό.

972 802 1077 860 κς’.

291 904 382 959 Ἐν
420 916 536 969 τοῖς
573 909 782 970 κοίλοις
821 906 1106 978 ἐνόπτροις
1153 907 1250 961 ἐὰν
1293 907 1539 977 ἐκβαλὼν
1579 909 1875 980 διάμετρον

183 1003 280 1065 τῆς
319 998 561 1066 σφαίρας
599 995 658 1049 ἐκ
697 1003 796 1048 τοῦ
828 995 1062 1067 κέντρου
1091 997 1231 1067 πρὸς
1261 996 1439 1067 ὀρθὰς
1470 996 1748 1068 ἀναγάγῃς
1783 996 1874 1050 καὶ

96 1101 152 1141 10
183 1086 263 1148 εἰς
300 1086 362 1138 τὸ
402 1083 590 1155 ἕτερον
636 1084 800 1156 μέρος
837 1091 946 1157 θῇς
991 1087 1053 1140 τὸ
1094 1084 1264 1156 ὄμμα,
1319 1083 1486 1140 οὐδὲν
1531 1095 1643 1140 τῶν
1691 1086 1751 1140 ἐν
1797 1094 1873 1159 τῷ

187 1174 335 1247 αὐτῷ
375 1173 544 1245 μέρει,
577 1174 636 1227 έν
670 1169 713 1247 ᾦ
744 1176 806 1228 τὸ
840 1173 987 1245 ὄμμα
1019 1175 1186 1244 ἐστίν,
1226 1176 1552 1246 ὀφθήσεται,
1591 1174 1904 1229 τουτέστιν,

184 1264 311 1317 οὔτε
359 1273 470 1316 τῶν
510 1262 598 1317 ἐπὶ
637 1271 733 1333 τῆς
773 1263 1068 1335 διαμέτρου
1116 1266 1242 1318 οὔτε
1281 1274 1393 1318 τῶν
1432 1265 1585 1327 ἐκτὸς
1622 1271 1718 1334 τῆς
1756 1265 1876 1317 δια-

182 1350 400 1422 μέτρου.

295 1444 431 1495 ἔστω
471 1446 662 1496 κοῖλον
700 1444 970 1514 ἔνοπτρον
1007 1444 1070 1497 τὸ
1103 1446 1282 1511 ΑΓΔ,
1322 1443 1611 1515 διάμετρος
1645 1444 1706 1496 δὲ
1737 1445 1904 1518 ἔστωῇ

98 1545 151 1584 15
183 1539 280 1600 τῆς
318 1534 558 1602 σφαίρας
596 1531 629 1600 ἡ
669 1537 794 1601 ΑΔ,
832 1531 924 1585 καὶ
963 1540 1028 1603 τῇ
1061 1537 1169 1585 ΑΔ
1206 1534 1344 1602 πρὸς
1382 1533 1560 1603 ὀρθὰς
1598 1518 1904 1608 ἀνεστάτωζ

183 1619 290 1674 ἀπὸ
336 1627 436 1673 τοῦ
475 1619 707 1691 κέντρου
753 1629 853 1674 τοῦ
895 1625 939 1674 Ζ
986 1620 1019 1690 ἡ
1063 1624 1186 1690 ΖΓ,
1241 1621 1385 1692 ὄμμα
1432 1618 1492 1674 δὲ
1532 1624 1668 1675 ἔστω
1707 1623 1769 1675 τὸ
1809 1625 1904 1691 Β,.-

183 1707 311 1774 ὄψις
357 1707 418 1762 δὲ
461 1708 494 1778 ἡ
536 1713 655 1763 ΒΕ.
733 1711 940 1764 οὐκοῦν
986 1710 1019 1780 ἡ
1060 1714 1170 1764 ΒΕ
1212 1710 1567 1781 ἀνακλωμένη
1616 1711 1716 1781 οὐχ
1761 1709 1904 1780 ἥξειῇ

186 1799 311 1852 οὔτε
359 1797 447 1852 ἐπὶ
496 1799 557 1851 τὸ
597 1802 644 1851 Β
694 1799 819 1852 οὔτε
867 1797 953 1852 ἐπὶ
993 1801 1054 1852 τὸ
1098 1803 1164 1851 Ζ·
1222 1799 1282 1852 ἐν
1320 1800 1425 1870 γὰρ
1468 1804 1612 1862 ι”σαις
1649 1798 1904 1874 γωνίαιςξ

185 1887 501 1941 ἀνακλᾶται.
577 1886 691 1956 ἥξει
738 1888 844 1959 ἄρα
892 1888 966 1951 ὡς
1011 1887 1044 1956 ἡ
1086 1892 1208 1942 ΕΘ.
1285 1888 1487 1959 ὁμοίως
1533 1884 1594 1941 δὲ
1638 1886 1731 1941 καὶ
1779 1882 1904 1964 {dcv}

97 1992 155 2032 20
188 1976 342 2040 ἐντὸς
374 1975 575 2047 ἐμπέσῃ
608 1978 669 2030 τὸ
702 1975 867 2046 ὄμμα,
900 1977 1040 2030 ὄπου
1072 1979 1134 2031 τὸ
1162 1981 1225 2046 Θ,
1257 1977 1291 2047 ἢ
1324 1976 1411 2031 ἐπὶ
1443 1983 1538 2046 τῆς
1562 1965 1904 2048 διαμέτρουᾈι

187 2066 328 2120 ὅπου
366 2067 427 2119 τὸ
464 2069 544 2134 M,
584 2065 965 2135 ἀνακλώμεναι
1006 2067 1067 2119 αἱ
1100 2064 1255 2130 ὄψεις
1293 2068 1355 2120 αἱ
1392 2070 1516 2135 ΘΚ,
1548 2071 1686 2120 ΜΝ
1716 2059 1895 2136 {stov-¹¹

187 2169 279 2209 σιν
325 2155 399 2218 ὡς
445 2155 507 2207 αἱ
540 2152 678 2222 ΚΛ,
711 2158 772 2207 Ν
778 2154 836 2214 Ξ.
915 2155 1016 2208 οὐκ
1063 2156 1170 2226 ἄρα
1216 2155 1409 2227 ὁρᾶται
1457 2153 1624 2209 οὐδὲν
1665 2165 1777 2210 τῶν
1817 2156 1904 2419 §vs

309 2291 347 2331 1.
390 2285 544 2360 ὄψεις]
585 2299 673 2330 om.
706 2301 765 2330 m.
919 2291 958 2330 2.
994 2285 1059 2337 εἰς
1091 2313 1145 2318 -
1181 2286 1246 2345 εἰ]
1288 2286 1328 2330 εἰ
1359 2285 1447 2343 γὰρ
1481 2286 1547 2338 εἰς
1576 2286 1627 2331 τὸ
1661 2286 1785 2343 ὄμμα
1815 2302 1884 2332 m.-

248 2344 326 2405 δέ]
361 2359 444 2390 scr.
478 2362 578 2403 γαρ.
725 2344 806 2420 ἄν]
839 2359 927 2390 om.
960 2346 1109 2390 VMv.
1256 2345 1324 2405 αἱ]
1358 2360 1446 2390 om.
1480 2346 1540 2390 M.
1665 2345 1715 2389 αἱ
1747 2373 1801 2378 -
1834 2351 1891 2395 3.,

191 2405 212 2450 ἐ
244 2403 453 2464 ι’γνοντο]
487 2403 725 2462 ἐγίγνοντο
759 2422 809 2448 αι
831 2405 948 2460 πρὸς
969 2413 1066 2457 τοῖς
1089 2410 1140 2461 A,
1159 2408 1204 2449 Γ
1229 2403 1432 2462 σημείοις
1463 2403 1648 2462 γωνίαι·
1682 2406 1766 2450 οὐκ
1791 2405 1904 2463 dolf-3

189 2423 241 2510 δῖ
275 2463 384 2509 ἴσαι.
450 2462 553 2509 οὐδ’
590 2462 684 2520 ἄρα
719 2463 771 2507 αἱ
803 2468 899 2520 ΒΑ,
926 2468 1018 2508 ΒΓ
1051 2464 1186 2522 ὄψεις
1218 2464 1294 2508 ἐπὶ
1324 2465 1375 2510 τὸ
1409 2469 1445 2508 Β
1485 2464 1608 2521 ὄμμα
1639 2465 1856 2509 ἀνακλῶν

188 2541 266 2569 ται
295 2540 356 2570 m.
494 2528 534 2568 4.
569 2520 778 2582 γένηται]
809 2527 927 2582 τεθῇ
958 2539 1017 2569 m.
1155 2529 1195 2568 5.
1228 2522 1461 2569 τουτέστιν
1491 2523 1583 2569 VV.
1707 2522 1788 2568 διά
1817 2544 1880 2559 ——

191 2591 230 2629 6.
264 2583 398 2642 αὐτό]
438 2583 530 2628 ὑπὸ
562 2590 724 2627 πασῶν
755 2590 847 2627 τῶν
879 2581 1222 2640 ἀνακλωμένων
1254 2583 1412 2640 ὄψεων
1445 2583 1486 2627 εἰ
1516 2583 1577 2640 μὴ
1608 2583 1700 2628 ὑπὸ
1732 2583 1850 2640 μόνη

188 2650 271 2701 τῆς
301 2641 382 2687 διὰ
413 2650 495 2687 τοῦ
527 2640 722 2698 κέντρου
754 2640 957 2699 ἠγμένης
986 2658 1045 2687 m.
1177 2647 1216 2687 6.
1250 2640 1468 2700 γίνεσθαι
1498 2642 1559 2686 Μ.
1707 2647 1745 2687 7.
1777 2642 1854 2691 κε’
1887 2663 1890 2691 ;

190 2703 262 2760 λγ’
288 2702 381 2747 Vv.
506 2706 575 2747 10.
611 2701 694 2760 εἰς]
726 2703 840 2746 mut.
865 2701 916 2745 in
949 2699 1024 2746 ἐπί
1054 2702 1115 2746 Μ.
1242 2707 1310 2746 12.
1345 2702 1448 2746 οὔτε
1465 2702 1586 2760 (pr.)]
1621 2701 1726 2746 οὔτε
1749 2718 1794 2746 τι
1815 2717 1889 2761 111ιὲ

251 2789 519 2850 διαμέτρου]
553 2777 667 2839 0-ἓό
698 2790 766 2847 Μ,
811 2792 865 2834 ut
897 2804 1048 2847 saepe.
1189 2794 1257 2835 15.
1292 2788 1397 2849 καί]
1430 2789 1624 2846 κέντρον
1656 2788 1707 2835 δὲ
1739 2790 1791 2835 τὸ
1827 2766 1890 2847 2,ss

191 2852 271 2895 καὶ
303 2851 397 2895 ἀπὸ
428 2858 510 2895 τοῦ
548 2854 584 2894 Ζ
613 2866 673 2895 m.
829 2855 898 2895 16.
931 2849 1026 2894 ἀπό
1056 2876 1116 2883 -
1151 2851 1205 2909 Ζ]
1239 2863 1327 2895 om.
1360 2864 1420 2895 m.
1566 2855 1636 2893 17.
1670 2849 1804 2907 ἅψεις
1833 2831 1890 2908 v}

195 2913 243 2954 et
272 2910 328 2966 V,
363 2910 445 2953 sed
476 2924 589 2954 corr.
622 2925 682 2954 m.
716 2914 757 2954 2.
881 2913 951 2954 20.
986 2907 1171 2965 ἐμπέσει
1202 2924 1245 2966 v,
1277 2912 1394 2968 τεθῇ
1425 2924 1484 2954 m.
1875 2922 1885 2949 ,¹
