1904 3184
385 91 737 135 OPTICORUM
765 90 1065 134 REonNslo
1096 90 1373 132 'rflnoms
1620 86 1724 140 187

28 214 233 268 ductus
272 212 390 265 erit.
454 228 583 282 ergo
620 209 1079 279 hemisphaerium
1110 212 1326 262 tantum
1358 208 1615 278 sphaerae
1657 209 1724 261 ab

41 301 211 356 oculis
252 304 315 370 Z,
346 304 397 353 A
436 303 697 353 cernetur.

839 432 924 484 26.

152 520 211 576 Si
242 521 501 575 distantia
533 520 813 574 oculorum
844 519 1107 572 diametro
1140 519 1396 589 sphaerae
1428 517 1603 571 maior
1628 521 1726 588 est,

40 629 176 682 quae
215 609 452 664 cernitur
488 628 614 679 pars
654 610 930 680 sphaerae,
969 607 1143 661 maior
1173 608 1276 660 erit
1310 605 1723 676 hemisphaerio

150 699 223 752 sit
261 699 404 752 enim
443 698 695 769 sphaera,
742 698 892 751 euius
933 701 1179 751 centrum
1218 697 1290 749 sit
1330 699 1406 766 K,
1444 696 1724 749 oculorum

39 792 220 843 autem
266 788 526 841 distantia
565 787 636 840 sit
676 790 788 840 ΒΓ
826 787 998 840 maior
1038 787 1300 839 diametro
1341 785 1620 855 sphaerae,
1668 789 1723 838 et

1045 894 1142 945 per
1203 878 1261 927 K
1318 879 1372 927 et
1433 876 1547 927 ΒΓ
1604 873 1721 943 pla-

1045 982 1175 1017 num
1205 963 1535 1032 producatur
1575 967 1630 1016 et
1664 963 1723 1016 in

1047 1053 1275 1122 sphaera
1289 1052 1550 1106 circulum
1558 1054 1731 1105 ΔΖΝ

1045 1141 1274 1212 efficiat,
1334 1140 1576 1210 radiique
1634 1141 1722 1194 ad-

1045 1231 1227 1284 cidant
1299 1234 1433 1300 BA,
1487 1233 1595 1283 ΓΖ
1663 1230 1723 1282 in

1044 1338 1153 1373 uno
1184 1323 1387 1389 puncto
1418 1322 1721 1390 tangentes.

1047 1409 1342 1478 productae
1379 1407 1550 1479 igitur
1579 1407 1722 1460 inter

1046 1516 1102 1550 se
1134 1498 1431 1567 concident,
1464 1496 1721 1566 quoniam

1046 1589 1158 1639 ΒΓ
1174 1587 1436 1639 diametro
1462 1586 1719 1656 sphaerae

36 1675 209 1729 maior
246 1679 342 1728 est.
405 1673 691 1727 concidant
728 1674 899 1745 igitur
929 1675 989 1726 in
1017 1678 1220 1745 puncto
1258 1679 1318 1728 Θ.
1371 1675 1554 1743 itaque
1595 1692 1722 1743 quo-

36 1763 184 1819 niam
237 1782 270 1816 a
320 1767 523 1833 puncto
574 1766 621 1815 Θ
673 1767 851 1816 rectae
910 1767 1039 1834 ΘΖ,
1083 1766 1194 1816 ΘΔ
1247 1763 1307 1815 in
1358 1781 1467 1816 uno
1516 1766 1719 1832 puncto

38 1852 411 1923 contingentes
451 1851 780 1920 adciderunt‚
821 1856 991 1906 ZNA
1030 1852 1368 1907 semicirculo
1408 1852 1586 1906 minor
1617 1856 1722 1922 est3

0 1934 3 2012 b
37 1956 162 1997 nam
200 1941 386 2012 anguli
428 1943 608 2011 ΘΖΚ,
636 1944 804 1994 ΘΑΚ
835 1941 971 1995 recti
1003 1946 1141 1995 sunt.
1196 1959 1326 2013 ergo
1359 1960 1483 2011 pars
1514 1941 1722 2011 reliqua

0 2013 318 2107 bbphaerae,
379 2049 514 2099 quae
569 2049 600 2082 a
653 2033 787 2098 BA,
829 2034 937 2084 ΓΖ
1001 2032 1260 2102 cernitur,
1320 2030 1720 2101 hemisphaerio

0 2133 2 2170 ῑ
39 2118 207 2172 maior
246 2123 342 2173 est.

833 2210 920 2262 27.

149 2294 206 2350 Si
237 2297 495 2350 distantia
529 2297 809 2351 oculorum
841 2297 1103 2351 diametro
1138 2289 1395 2367 sphaerae
1421 2298 1598 2350 minor
1622 2301 1721 2366 est,

42 2400 174 2455 quae
213 2386 448 2440 cernitur
486 2405 611 2455 pars
652 2386 931 2456 sphaerae,
970 2386 1148 2439 minor
1186 2391 1269 2439 est
1307 2385 1719 2455 hemisphaerio.

150 2474 222 2528 sit
267 2475 409 2528 enim
449 2475 699 2545 sphaera,
745 2474 896 2528 cuius
945 2478 1189 2528 centrum
1228 2475 1300 2528 sit
1340 2477 1414 2544 K,
1461 2474 1720 2528 distantia

42 2565 220 2616 autem
258 2564 538 2618 oculorum
578 2563 650 2616 sit
687 2566 802 2616 ΒΓ
834 2563 1011 2617 minor
1050 2564 1312 2617 diametro
1353 2562 1627 2633 sphaerae,
1667 2567 1721 2615 et

40 2665 135 2720 per
171 2654 227 2704 K
266 2657 320 2706 et
359 2655 471 2706 ΒΓ
508 2653 730 2723 planum
748 2652 1104 2775 producatur
1150 2656 1204 2704 et
1251 2652 1307 2704 in
1357 2652 1583 2720 sphaera
1622 2651 1720 2705 cir-

100 2842 167 2884 1⁷.
198 2839 311 2885 Post
341 2839 430 2899 γάρ
463 2842 570 2887 add.
602 2841 694 2886 ὑπό
727 2856 785 2886 m.
820 2854 909 2885 rec.
942 2840 997 2885 V.
1121 2840 1207 2885 εἰσι
1237 2856 1281 2898 p.
1403 2844 1473 2886 25.
1510 2840 1716 2914 ἔλαττον]

41 2909 133 2942 m·
163 2898 211 2942 in
241 2914 329 2945 ras.
361 2916 420 2946 m
456 2908 478 2945 1
513 2901 567 2946 V.
690 2905 759 2945 27.
793 2898 944 2945 ποιείτ
947 2917 971 2944 ο
1004 2915 1045 2945 v
1167 2899 1268 2959 τόν]
1303 2914 1416 2945 corr
1451 2914 1507 2945 ex
1537 2899 1588 2945 τό
1624 2900 1676 2945 V.
