1904 3184
147 602 173 642 5

125 1107 175 1146 10

123 1553 176 1591 15

123 1997 180 2037 20

125 2427 180 2466 25

206 106 313 158 172
555 99 907 150 OPTICORUM
937 106 1234 151 RECENSIO
1266 106 1544 150 THEONIS
1894 109 1904 164 ι

317 229 453 281 ε”στω
510 233 601 281 ι”σα
638 226 847 297 μεγέθη
887 227 953 279 τὰ
991 229 1135 295 ΚΝ,
1175 230 1308 296 ΛΖ,
1351 228 1452 279 ΓΔ
1498 227 1612 280 ἅνω
1661 235 1759 281 τοῦ
1799 211 1904 339 ὄμ--ἐΙ

205 337 374 387 ματος
432 320 653 386 κείμενα
713 324 812 370 τοῦ
874 321 946 387 Β,
1015 316 1107 371 καὶ

207 406 312 460 ἀπὸ
374 413 474 459 τοῦ
534 409 582 459 Β
645 407 885 476 ὄμματος
944 421 1114 478 προσ-

204 494 552 549 πιπτέτωσαν
607 495 822 558 ἀκτῖνες
875 496 938 548 αί
983 499 1116 565 ΒΝ,

206 588 335 654 ΒΖ,
384 588 510 638 ΒΔ.
603 585 811 639 οὐκοῦν
864 604 1116 639 ταπεινο-

207 674 340 742 τάτη
380 672 532 727 ἐστὶν
577 673 611 743 ἡ
656 678 784 728 ΒΔ·
841 675 979 728 ὥστε
1024 674 1116 728 καὶ

207 765 268 817 τὸ
306 769 377 817 Δ.
463 765 602 817 ὥστε
644 762 737 817 καὶ
775 765 836 818 τὸ
876 762 977 834 μὲν
1018 768 1118 818 ΓΛ

208 855 597 924 ταπεινότερον
675 857 932 923 φαίνεται
1016 862 1116 908 τοῦ

207 945 342 1011 ΛΖ,
397 943 458 995 τὸ
506 939 567 995 δὲ
614 946 723 996 ΛΖ
769 950 869 996 τοῦ
918 946 1051 997 ΚΝ.

1391 658 1847 979 “Q
1897 654 1904 660 .

1012 1090 1096 1146 ιε’.

307 1178 443 1233 Ὅσα
482 1179 737 1249 ἀλλήλων
774 1180 1026 1251 ὑπερέχει
1065 1190 1178 1235 τῶν
1207 1182 1316 1236 ὑπὸ
1347 1183 1410 1236 τὸ
1443 1178 1589 1252 ὄμμα
1619 1179 1885 1251 κειμένων

208 1271 538 1339 προσιόντος
583 1290 684 1340 μεν
729 1277 830 1323 τοῦ
871 1271 1111 1341 ὄμματος
1149 1274 1355 1341 μείζονι
1397 1272 1458 1324 τὸ
1497 1269 1904 1341 ὑπερφαινόμε-

210 1379 312 1413 νον
352 1361 608 1429 φαίνεται
646 1361 847 1429 μεῖζον,
888 1358 1149 1424 ἀπιόντος
1189 1358 1249 1414 δὲ
1290 1360 1537 1415 ἐλάττονι
1576 1362 1773 1430 μεῖζον.
1889 1337 1904 1393 ¹!

322 1451 460 1502 ἔστω
500 1449 605 1517 γὰρ
645 1451 829 1519 μεῖζον
867 1450 929 1503 τὸ
955 1451 1069 1502 ΒΓ
1098 1457 1198 1503 τοῦ
1236 1453 1356 1519 ΘΖ,
1394 1447 1485 1503 καὶ
1517 1451 1662 1519 ὄμμα
1693 1432 1904 1508 κείσθω,

188 1517 270 1591 ,τὸ
311 1541 369 1590 Κ
411 1540 526 1592 ἄνω
573 1548 686 1592 τῶν
730 1541 852 1607 ΒΓ
889 1542 1018 1607 ΘΖ,
1063 1538 1156 1592 καὶ
1192 1538 1577 1610 προσπιπτέτω
1618 1537 1770 1601 ἀκτὶς
1810 1515 1904 1594 διά

209 1635 309 1681 τοῦ
346 1631 393 1680 Θ
430 1626 464 1695 ἡ
498 1630 627 1680 ΚΛ.
691 1627 899 1681 οὐκοῦν
930 1630 992 1682 τὸ
1022 1631 1135 1681 ΒΓ
1164 1635 1263 1681 τοῦ
1299 1632 1402 1682 ΘΖ
1432 1630 1615 1698 μεῖζον
1647 1629 1904 1698 φαίνεται

209 1724 285 1789 τῷ
318 1720 445 1769 ΒΔ·
488 1721 611 1770 ἴσον
642 1717 747 1786 γὰρ
780 1715 1037 1786 ἐφαίνετο
1068 1719 1130 1771 τὸ
1167 1721 1270 1771 ΘΖ
1309 1725 1384 1790 τςό
1417 1723 1472 1771 Δ
1483 1720 1544 1787 Γ
1577 1716 1762 1786 ἐπειδὴ
1793 1715 1904 1772 {mh

209 1813 309 1859 τοῦ
342 1805 514 1859 αὐτοῦ
547 1807 787 1875 ὄμματος
816 1804 909 1859 καὶ
939 1814 1035 1875 τῆς
1059 1809 1169 1859 ΚΔ
1201 1805 1421 1870 ἀκτῖνος
1452 1804 1674 1876 ἑωρᾶτο.
1734 1805 1904 1897 πάλιν

211 1895 280 1965 δὴ
335 1897 677 1965 μετακείσθω
732 1896 794 1948 τὸ
849 1896 995 1965 ὄμμα
1050 1893 1138 1950 ἐπὶ
1187 1897 1250 1949 τὸ
1298 1899 1372 1964 Λ,
1425 1894 1517 1948 καὶ
1568 1896 1660 1948 διὰ
1706 1902 1805 1948 τοῦ
1822 1888 1904 1957 Q

210 1983 592 2055 προσπιπτέτω
634 1982 786 2047 ἀκτὶς
823 1983 856 2053 ἡ
898 1988 1030 2039 ΛΝ.
1107 1985 1315 2039 οὐκοῦν
1352 1984 1520 2039 πάλιν
1559 1986 1620 2039 τὸ
1661 1987 1774 2038 ΒΓ
1802 1988 1904 2039 τοῦ

216 2078 320 2127 ΘΖ
358 2076 541 2143 μεῖζον
580 2076 835 2143 φαίνεται
874 2082 949 2146 τῷ
989 2078 1118 2128 ΒΝ.
1205 2073 1452 2128 ἐλάττονι
1474 2096 1477 2099 ·
1500 2076 1607 2145 ἄρα
1646 2076 1904 2144 φαίνεταξ

212 2162 482 2234 ὑπερέχον
519 2164 581 2216 τὸ
621 2165 735 2216 ΒΓ
763 2170 863 2216 τοῦ
907 2167 1010 2216 ΘΖ
1049 2163 1310 2227 ἀπιόντος
1348 2171 1447 2217 τοῦ
1487 2165 1727 2233 ὄμματος
1764 2164 1900 2238 ἤπερ

212 2255 556 2323 προσιόντος.
1076 2325 1089 2343 Ι

1014 2342 1066 2383 ις
1092 2368 1105 2380 .

311 2414 448 2469 Ὅσα
480 2415 735 2484 ἀλλήλων
764 2414 1016 2487 ὑπερέχει
1047 2415 1192 2468 κάτω
1226 2422 1326 2468 τοῦ
1358 2416 1599 2485 ὄμματος
1629 2413 1900 2485 κειμένου,

213 2507 542 2576 προσιόντος
572 2502 673 2574 μὲν
711 2511 810 2557 τοῦ
851 2506 1090 2574 ὄμματος
1129 2503 1379 2557 ἐλάττονι
1417 2506 1601 2572 μεῖζον
1639 2504 1700 2557 τὸ
1738 2503 1902 2574 ὑπερο

214 2596 554 2664 φαινόμενον
593 2595 866 2663 φαίνεται,
906 2592 1165 2655 ἀπιόντος
1203 2589 1263 2645 δὲ
1302 2594 1509 2661 μείζονι
1547 2594 1742 2661 μεῖζον.
1877 2582 1885 2589 ⁴

335 2745 374 2786 3.
418 2741 473 2799 Β]
514 2755 574 2785 m
608 2752 697 2783 rec.
731 2738 786 2782 V.
942 2743 980 2783 7.
1020 2744 1063 2782 Δ
1097 2765 1149 2772 -
1183 2737 1256 2797 τό]
1298 2751 1384 2781 om.
1416 2753 1499 2794 pv.
1654 2736 1765 2782 ὥστε
1795 2729 1904 2813 καί]

213 2815 273 2845 m.
309 2806 332 2844 1
366 2800 422 2856 V,
466 2799 547 2844 καὶ
579 2797 660 2843 διὰ
690 2804 827 2842 τοῦτο
859 2813 918 2842 m.
952 2811 1040 2842 ree.
1196 2803 1236 2842 9.
1268 2797 1382 2841 Post
1413 2799 1520 2840 KN
1547 2797 1653 2842 add.
1687 2805 1778 2842 τῶν
1810 2795 1904 2861 ἅρῳ

215 2859 327 2904 ἴσων
359 2862 574 2917 μεγεθῶν
605 2857 686 2902 καὶ
717 2856 774 2901 τὰ
808 2856 911 2914 ἑξῆς
941 2873 1000 2902 m.
1034 2871 1122 2902 rec.
1156 2857 1211 2901 V.
1343 2860 1410 2900 13.
1445 2855 1687 2915 ἀπιόντος]
1721 2873 1821 2901 -ον-
1853 2853 1904 2913 in4'

214 2933 303 2963 ras.
338 2918 393 2963 V.
526 2922 594 2962 17.
627 2921 690 2976 τῷ
715 2919 796 2974 (pr
801 2917 836 2975 )]
869 2916 920 2961 τό
952 2932 994 2961 v.
1127 2915 1249 2975 ἴσον]
1282 2930 1341 2960 m.
1375 2929 1464 2960 ree.
1498 2916 1554 2972 V,
1588 2929 1735 2973 comp.
1768 2931 1828 2959 m.
1861 2917 1904 2959 1

1898 3059 1904 3184 Q
