1904 3184
160 31 271 85 296
837 34 1225 78 CATOPTRICA.

161 155 371 206 κείσθω
413 149 474 206 δὲ
514 151 602 205 ἐπὶ
640 160 737 222 τῆς
774 156 1127 224 περιφερείας
1164 154 1356 223 αὐτοῦ,
1394 153 1486 208 καὶ
1524 154 1630 209 ἀπὸ
1670 163 1769 209 τοῦ
1799 159 1848 210 Β

161 240 652 312 προσπιπτέτωσαν
699 243 853 306 ὄψεις
899 244 962 296 αἶ
1001 246 1131 312 ΒΓ,
1170 247 1275 296 BA
1329 243 1708 314 ἀνακλώμεναι
1762 243 1851 299 ε’πὶ

162 331 229 384 τὰ
259 336 331 400 Δ,
355 335 408 383 Ε
443 341 652 400 σημεῖα.
715 330 830 384 ἐπεὶ
868 334 1052 402 μεῖζον
1092 333 1153 386 τὸ
1186 335 1353 385 ΑΓΒ
1391 341 1572 403 τμῆμα
1610 341 1710 386 τοῦ
1746 336 1860 387 ΒΓ

161 422 454 490 τμήματος,
491 423 688 489 μείζων
726 420 760 488 ἡ
802 424 847 474 Ζ
885 425 1061 489 γωνία
1099 429 1195 490 τῆς
1237 425 1284 474 Θ
1322 424 1542 490 γωνίας.
1603 421 1694 475 καὶ
1726 422 1759 491 ἡ
1790 426 1858 476 Η

104 526 130 566 5
163 510 270 580 ἄρα
308 517 404 578 τῆς
442 512 500 561 K
540 512 752 579 μείζων.
830 512 892 563 αἱ
930 512 1037 581 ἄρα
1078 514 1148 578 Ζ,
1180 514 1244 563 H
1283 520 1395 564 τῶν
1437 514 1507 579 Θ,
1539 514 1597 564 Κ
1637 515 1851 581 μείζους

163 600 318 652 εἰσίν.
381 599 542 668 λοιπὴ
582 599 690 670 ἄρα
727 597 761 667 ἡ
795 602 847 652 Λ
884 606 981 668 τῆς
1011 603 1086 652 Μ
1116 599 1385 653 ἐλάσσων·
1424 603 1609 673 πολλῷ
1641 604 1852 669 μᾶλλον

164 689 270 759 ἄρα
300 695 397 757 τῆς
426 691 499 741 Ν.
562 695 971 756 συμπεσοῦνται
1007 690 1113 759 ἄρα
1146 689 1208 741 αἱ
1236 691 1354 757 ΓΔ,
1380 693 1494 742 ΑΕ
1528 690 1664 742 κατὰ
1695 691 1757 743 τὸ
1791 690 1850 751 Ξ.

164 776 368 847 ὁμοίως
406 777 782 846 δειχθήσεται,
828 776 934 830 κᾶν
974 777 1126 840 ἐκτὸς
1164 785 1261 846 τῆς
1298 781 1648 849 περιφερείας
1683 781 1853 849 πίπτῃ

163 867 225 920 τὸ
264 867 427 936 ὄμμα,
467 866 542 928 ὡς
580 864 668 919 ε’πὶ
707 873 807 919 τοῦ
847 864 968 936 ἑξῆς
1004 867 1377 937 θεωρήματος.

74 1046 130 1086 10
974 1028 1044 1086 ς’.

275 1132 366 1187 Ἐν
403 1143 520 1196 τοῖς
557 1137 766 1197 κοίλοις
805 1133 1093 1204 ἐνόπτροις
1132 1133 1230 1188 ἐὰν
1268 1133 1374 1187 ἀνὰ
1405 1132 1574 1204 μέσον
1605 1141 1704 1187 τοῦ
1735 1132 1855 1188 κε’ν-

163 1242 300 1295 τρου
338 1221 430 1276 καὶ
470 1230 566 1292 τῆς
604 1225 955 1294 περιφερείας
992 1229 1102 1294 θῇς
1140 1224 1202 1276 τὸ
1241 1225 1413 1293 ὄμμα,
1452 1220 1541 1277 ὁτὲ
1578 1220 1680 1293 μὲν
1718 1237 1854 1293 συμ-

162 1319 463 1366 πεσοῦνται
482 1313 543 1365 αί
563 1313 717 1376 ὄψεις
734 1311 1134 1382 ἀνακλώμεναι,
1159 1309 1248 1366 ὁτὲ
1266 1309 1327 1365 δὲ
1345 1312 1411 1366 οὐ
1430 1320 1855 1382 συμπεσοῦνται.

277 1404 414 1455 ἔστω
462 1403 733 1473 ἔνοπτρον
778 1405 969 1455 κοῖλον
1015 1403 1077 1455 τὸ
1118 1406 1172 1455 Α
1182 1404 1251 1470 Γ,
1303 1399 1535 1473 κέντρον
1581 1398 1642 1454 δὲ
1681 1401 1855 1455 αὐτοῦ
1887 1440 1904 1462 ‚

78 1507 132 1547 15
166 1491 228 1545 τὸ
269 1495 348 1560 Δ,
394 1492 541 1561 ὄμμα
581 1487 642 1543 δὲ
680 1493 888 1544 κείσθω
927 1491 989 1544 τὸ
1030 1494 1078 1544 Β
1116 1490 1316 1561 μεταξὺ
1355 1498 1455 1544 τοῦ
1493 1489 1726 1562 κέντρου
1764 1488 1858 1544 καὶ
1891 1478 1904 1501 ”

165 1587 261 1650 τῆς
290 1582 660 1651 περιφερείας,
698 1581 853 1644 ὄψεις
884 1577 946 1633 δὲ
978 1581 1040 1633 αι’
1067 1583 1187 1649 ΒΑ,
1212 1582 1325 1633 ΒΓ
1356 1579 1736 1650 ἀνακλώμεναι
1768 1578 1857 1634 ἐπὶ
1894 1612 1904 1635 .-

164 1670 230 1723 τά
276 1673 361 1738 Η,
395 1673 464 1738 Ζ,
518 1667 610 1722 καὶ
657 1668 1120 1739 ἐκβεβλήσθωσαν
1166 1670 1229 1723 αἱ
1272 1671 1426 1734 ὄψεις
1475 1668 1577 1732 ἕως
1622 1676 1722 1722 τοῦ
1770 1669 1855 1723 ἐν-
1889 1669 1904 1737 ι’,

165 1762 372 1830 όπτρου
404 1760 466 1812 αί
492 1762 622 1827 ΑΘ,
650 1761 769 1811 ΓΚ.
831 1757 864 1826 ἡ
898 1762 1012 1812 ΑΘ
1044 1759 1112 1828 δὴ
1146 1766 1241 1828 τῆς
1274 1761 1383 1812 ΓΚ
1410 1757 1444 1827 ἢ
1474 1761 1672 1828 μείζων
1704 1756 1855 1812 ἐστὶν
1886 1772 1904 1843 3

166 1847 199 1917 ἢ
241 1853 331 1917 ἴση
371 1847 404 1917 ἢ
445 1847 707 1901 ἐλάσσων.
785 1849 837 1900 εί
878 1852 980 1917 μὲν
1026 1844 1130 1902 οὖν
1172 1853 1261 1916 ἴση
1302 1846 1453 1901 ἐστὶν
1497 1846 1531 1916 ἡ
1571 1852 1624 1901 A
1637 1851 1685 1901 Θ
1729 1849 1858 1911 ὄψις
1884 1844 1904 1924 ζ

76 1949 133 1993 20
164 1946 229 2009 τῇ
256 1940 368 1991 ΓΚ
395 1938 535 2006 ὄψει,
576 1941 665 2005 ἴση
697 1935 812 1990 ἐστὶ
843 1935 935 1990 καὶ
966 1937 1000 2006 ἡ
1025 1939 1195 1990 ΑΓΘ
1230 1935 1551 2008 περιφέρεια
1590 1944 1655 2007 τῇ
1689 1938 1861 1990 ΓΘΚ

164 2028 497 2098 περιφερείᾳ.
575 2026 713 2079 ὥστε
751 2024 843 2078 καὶ
881 2025 915 2094 ἡ
955 2029 1030 2079 Μ
1067 2027 1242 2094 γωνία
1280 2033 1345 2096 τῇ
1386 2024 1456 2086 Ξ·
1504 2027 1566 2079 αἰ
1599 2026 1704 2097 γὰρ
1743 1950 1904 2135 ww}

167 2122 303 2170 ἴσων
341 2124 705 2187 περιφερειῶν
744 2118 942 2183 γωνίαι
985 2120 1098 2168 ἴσαι
1136 2113 1278 2168 εἰσὶν
1318 2114 1592 2183 ἀλλήλαις.
1665 2112 1758 2168 καὶ
1796 2114 1860 2168 αἱ
1893 2126 1901 2158 1'

165 2209 246 2274 ΖΜ,
280 2208 331 2258 Λ
369 2207 566 2273 γωνίαι
605 2205 712 2275 ἄρα
750 2214 870 2267 ταῖς
908 2207 982 2273 Ν,
1015 2203 1066 2264 Ξ
1107 2205 1249 2258 εἰσιν
1289 2208 1402 2257 ἴσαι
1447 2204 1541 2257 διὰ
1580 2205 1682 2273 τὴν
1721 2202 1852 2257 ἀνά·
1883 2161 1904 2263 ³

287 2372 325 2412 1.
367 2364 446 2426 δέ]
487 2379 575 2410 om.
608 2364 669 2410 M.
822 2370 862 2410 3.
903 2365 1017 2410 Post
1056 2363 1156 2410 ἐπεί
1195 2364 1303 2410 add.
1340 2361 1426 2410 οὖν
1465 2379 1533 2422 m,
1581 2379 1641 2409 m.
1674 2377 1763 2409 rec.
1795 2364 1852 2410 V.

225 2425 388 2484 μείζων
418 2441 460 2471 v.
563 2423 744 2468 Deinde
777 2424 884 2469 add.
918 2424 1042 2469 ἐστιν
1072 2440 1133 2481 m,
1165 2439 1225 2470 m.
1257 2438 1347 2469 ree.
1379 2424 1435 2469 V.
1558 2426 1651 2468 ΒΓ
1674 2423 1852 2481 τμήμα-
1880 2454 1889 2481 3

165 2487 262 2546 τος]
294 2486 614 2542 κύκλουματος
635 2483 697 2529 Μ.
797 2489 837 2528 4.
870 2484 985 2528 Post
1007 2482 1173 2540 μείζων
1197 2483 1304 2528 add.
1332 2481 1454 2528 ἐστίν
1484 2496 1544 2527 m.
1570 2487 1596 2527 2
1620 2498 1681 2528 m.
1773 2479 1896 2539 καῖέ

167 2573 222 2579 -
256 2551 296 2591 5.
338 2543 522 2603 μείζων]
563 2541 645 2588 διὰ
683 2541 742 2586 τὰ
781 2542 901 2587 αὐτὰ
933 2543 992 2600 δὴ
1032 2543 1112 2588 καὶ
1142 2543 1172 2600 ἡ
1206 2546 1309 2587 ΚΗ
1344 2545 1474 2600 (corr.
1507 2541 1558 2585 in
1589 2546 1635 2586 K
1671 2549 1752 2599 τῆς
1785 2545 1854 2600 Η)
1875 2573 1884 2581 -

167 2603 331 2663 μείζων
365 2602 487 2649 ἐστίν
518 2618 577 2648 m.
703 2608 742 2646 4.
778 2603 850 2676 H]
882 2605 996 2648 mut.
1022 2602 1073 2646 in
1104 2606 1150 2647 K
1177 2617 1237 2647 m.
1270 2615 1360 2647 rec.
1394 2615 1534 2659 supra
1569 2615 1654 2646 scr.
1688 2600 1769 2646 διὰ
1798 2601 1850 2647 τὸ
1880 2580 1894 2622 ι

168 2674 352 2722 πρῶτον
381 2664 446 2719 V;
487 2666 535 2707 H
563 2660 645 2706 διὰ
675 2668 756 2718 τῆς
787 2679 817 2705 α
872 2663 972 2707 Mv.
1112 2667 1153 2707 5.
1186 2661 1279 2718 ἄρα
1304 2662 1428 2719 (pr.)]
1461 2660 1549 2705 del.
1582 2676 1642 2705 m.
1675 2675 1765 2706 rec.
1796 2661 1854 2707 V.
1887 2685 1889 2691 ·

227 2729 272 2769 K
295 2723 426 2781 (pr.)]
458 2723 572 2766 mut.
605 2721 655 2764 in
689 2724 737 2764 H
772 2736 832 2766 m‘
865 2735 954 2766 rec.
987 2721 1042 2766 V.
1187 2721 1302 2765 Post
1330 2718 1495 2777 μείζων
1527 2720 1635 2765 add.
1669 2718 1763 2765 ἐστί
1792 2735 1875 2766 m.·

166 2798 255 2829 rec.
288 2784 344 2828 V.
471 2785 520 2838 Z,
546 2781 618 2839 H]
656 2783 741 2824 ZE
771 2780 834 2836 M,
872 2783 920 2824 et
948 2781 1005 2837 V,
1038 2794 1151 2825 corr.
1184 2795 1244 2824 m.
1279 2785 1327 2836 13
1370 2783 1461 2824 ZK
1487 2794 1547 2836 m,
1579 2794 1639 2825 m.
1672 2794 1762 2825 rec.
1795 2779 1850 2826 V.
1885 2777 1893 2795 “’

227 2843 339 2901 τῶν]
371 2848 453 2899 τῆς
481 2840 543 2886 Μ.
670 2842 724 2895 Θ,
749 2841 819 2898 Κ]
851 2842 964 2885 mut.
997 2840 1048 2883 in
1082 2842 1137 2896 Θ,
1163 2842 1213 2883 Η
1239 2854 1299 2883 m.
1323 2852 1413 2884 rec.
1430 2838 1485 2884 V.
1609 2844 1647 2884 6.
1682 2837 1769 2884 εἰσί
1790 2839 1852 2884 Μ.

1872 3116 1894 3184 3
