1904 3184
136 1065 192 1104 10

135 1511 190 1550 15

134 1956 191 1996 20

135 2394 190 2434 25

227 85 335 138 174
575 88 928 130 OPTICORUM
958 87 1256 130 RECENSIO
1287 88 1566 132 THEONIS.

336 209 472 261 ἔστω
512 210 695 277 μεῖζον
733 208 795 260 τὸ
833 210 939 260 ΒΖ
977 214 1078 261 τοῦ
1121 210 1253 276 ΘΚ,
1306 205 1397 261 καὶ
1436 215 1536 260 τοῦ
1577 212 1628 261 Λ
1678 210 1904 279 ὄμματος

222 296 369 350 κάτω
416 295 670 366 κειμένου
715 295 1097 367 προσπιπτέτω
1145 294 1298 359 ἀκτὶς
1342 295 1376 364 ἡ
1418 300 1470 349 A
1481 299 1533 349 Γ
1573 298 1666 350 διὰ
1709 306 1810 351 τοῦ
1854 303 1904 352 Θ.

224 385 431 438 οὐκοῦν
462 387 524 438 τὸ
556 389 662 438 ΒΖ
693 392 794 438 τοῦ
830 388 942 438 ΘΚ
968 387 1151 454 μεῖζον
1182 387 1438 454 φαίνεται
1469 393 1545 458 τῷ
1578 388 1696 439 ΒΓ.
1757 407 1904 456 μετα-

222 477 429 528 κείσθω
485 475 554 543 δὴ
608 475 670 527 τὸ
718 478 770 526 Λ
817 475 963 544 ὄμμα
1017 472 1105 527 ε’πὶ
1150 475 1212 527 τὸ
1259 478 1342 542 Ν,
1394 473 1486 527 καὶ
1531 475 1904 546 προσπιπτέτω

223 562 375 626 ἀκτὶς
412 562 446 632 ἡ
470 567 584 616 ΝΔ
616 563 710 616 διὰ
741 570 841 616 τοῦ
879 567 939 616 Θ.
1002 563 1209 616 οὐκοῦν
1239 563 1410 616 πάλιν
1439 564 1500 617 τὸ
1530 567 1634 617 ΒΖ
1673 571 1775 617 τοῦ
1804 567 1904 619 ΘΕ

223 655 406 723 μεῖζον
446 654 701 722 φαίνεται
741 660 816 725 τῷ
849 655 967 706 ΒΔ.
1027 655 1357 723 προσιόντος
1395 650 1495 723 μὲν
1535 654 1641 724 ἄρα
1680 661 1779 707 τοῦ
1820 656 1904 724 ὄμ-

223 761 392 812 ματος
439 741 686 795 ἐλάττονι
733 744 916 811 μεῖζον
959 745 1215 812 φαίνεται
1253 741 1523 815 ὑπερέχον
1562 744 1624 796 τὸ
1666 747 1769 796 ΒΖ
1817 750 1904 798 τοι·

228 833 361 900 ΘΚ,
400 830 661 894 ἀπιόντος
701 828 762 884 δὲ
799 833 1021 901 μείζονι.

1029 963 1114 1030 ιζ’.

284 1053 291 1057 “
330 1052 464 1108 Ὅσα
511 1054 766 1123 ἀλλήλων
811 1053 1063 1126 ὑπερέχει
1117 1062 1217 1107 τοῦ
1273 1056 1512 1124 ὄμματος
1561 1053 1645 1108 ἐπ’
1697 1055 1904 1122 εὐθείας

222 1151 298 1215 τῷ
339 1143 596 1197 ἐλάσσονι
627 1142 848 1213 μεγέθει
886 1146 1062 1212 ὄντος,
1101 1146 1434 1214 προσιόντος
1464 1164 1523 1197 τε
1552 1143 1643 1197 καὶ
1685 1143 1904 1214 οέφιστοιὲΙ

222 1230 392 1302 μένου
439 1240 539 1285 τοῦ
579 1234 820 1303 ὄμματος
863 1241 938 1306 τῷ
980 1239 1080 1306 ἴσῳ
1128 1231 1234 1287 αἰεὶ
1283 1231 1427 1297 δόξει
1474 1234 1536 1286 τὸ
1582 1222 1904 1305 ὑπερφαινόέ

221 1341 391 1392 μενον
421 1329 521 1375 τοῦ
547 1320 843 1386 ἐλάσσονος
865 1322 1166 1395 ὑπερέχειν.

331 1410 638 1483 ὑπερεχέτω
678 1413 783 1483 γὰρ
819 1413 881 1466 τὸ
915 1415 962 1465 Β
973 1417 1028 1465 Δ
1066 1419 1166 1465 τοῦ
1231 1414 1253 1476 ς’

227 1503 347 1554 ΘΗ
378 1508 454 1573 τῷ
496 1503 616 1570 ΒΓ,
658 1500 748 1555 καὶ
789 1501 1167 1571 ἐπιζευχθεῖσα
1242 1539 1295 1578 Γ
1398 1540 1447 1583 Θ
1540 1532 1600 1573 K
1869 1533 1904 1577 Ζ

221 1588 256 1657 ἡ
301 1592 407 1643 ΓΘ
453 1589 833 1660 ἐκβεβλήσθω,
886 1589 979 1644 καὶ
1026 1593 1163 1644 ἔστω
1250 1578 1899 1610 -ῄμῇ-’Ἷ

220 1680 282 1732 τὸ
323 1680 468 1749 ὄμμα
508 1678 595 1733 ἐπὶ
634 1687 734 1733 τοῦ
768 1684 827 1733 Ζ.
891 1680 1099 1733 οὐκοῦν
1130 1678 1164 1748 ἡ
1235 1668 1241 1783 ἰ

222 1767 328 1822 ἀπὸ
359 1775 459 1821 τοῦ
487 1772 532 1821 Ζ
563 1767 716 1832 ἀκτὶς
744 1771 1166 1840 προσπίπτουσα
1238 1790 1240 1796 ·

220 1858 358 1910 κατὰ
424 1859 527 1927 τὴν
605 1861 650 1910 Ζ
670 1859 724 1910 Γ
796 1860 1164 1928 ὲνεχθήσεται.
1257 1911 1294 1958 Δ
1426 1923 1492 1966 H

221 1947 390 2000 πάλιν
429 1948 498 2017 δὴ
537 1950 878 2017 μετακείσθω
921 1949 983 2002 τὸ
1023 1949 1169 2018 ὄμμα

1108 2037 1402 2058 ‚‚‚‚‚

223 2123 376 2188 ἀκτὶς
398 2129 819 2197 προσπίπτουσα
838 2127 975 2180 κατὰ
998 2128 1100 2196 τὴν
1117 2129 1235 2180 ΚΓ
1258 2127 1625 2198 ἐνεχθήσεται.
1664 2136 1740 2201 τῷ
1765 2128 1904 2202 αὐτῷ

223 2215 329 2285 ἄρα
353 2213 600 2286 ὑπερέξει
624 2215 685 2268 τὸ
704 2218 807 2267 ΒΔ
830 2223 930 2268 τοῦ
952 2219 1071 2268 ΘΗ
1086 2214 1179 2269 καὶ
1198 2219 1527 2287 προσιόντος
1549 2224 1649 2270 τοῦ
1674 2218 1904 2287 ὄμματάρ

221 2301 314 2357 καὶ
353 2303 746 2373 ἀφισταμένου,
1902 2337 1904 2374 1

1025 2377 1116 2449 ιη’.
1899 2425 1904 2459 4

343 2467 424 2520 Τὸ
465 2464 638 2520 δοθεν
675 2467 819 2531 ὕψος
850 2477 1076 2537 γνῶναι,
1115 2470 1292 2522 πόσον
1325 2467 1489 2522 ἐστίν.

336 2558 472 2609 ἔστω
504 2555 635 2628 γάρ,
690 2555 719 2609 ὃ
760 2557 849 2609 δεῖ
884 2556 1182 2625 ἐπιγνῶναι
1221 2558 1387 2626 ὕψος,
1441 2559 1616 2611 πόσον
1656 2557 1793 2627 έστί,
1845 2558 1898 2612 vc}

223 2647 353 2714 ΒΓ,
398 2643 489 2698 καὶ
535 2645 918 2717 προσπιπτέτω
967 2645 1119 2710 ἀκτὶς
1156 2646 1317 2716 ἡλίου
1358 2647 1451 2699 διὰ
1489 2654 1589 2699 τοῦ
1628 2651 1675 2700 Β
1715 2646 1749 2716 ἡ
1790 2650 1837 2700 Β
1891 2643 1895 2701 ξ

342 2779 382 2820 4.
417 2776 496 2850 δή]
530 2774 583 2820 δέ
614 2792 655 2821 v.
748 2775 1090 2853 προσπιπτέτω]
1124 2777 1302 2822 -σπ-111
1325 2792 1415 2822 ras,
1433 2778 1487 2823 V.
1582 2782 1620 2823 7.
1657 2778 1842 2822 ἔλαττον
1862 2788 1891 2821 v

283 2840 352 2880 11.
387 2838 564 2893 μεγεθη
599 2851 639 2880 v.
786 2837 929 2888 ὄντως
961 2852 1010 2894 v,
1051 2837 1134 2880 sed
1165 2851 1278 2882 corr.
1425 2842 1494 2883 15.
1530 2839 1653 2896 ΘΗ]
1687 2839 1780 2885 ΘΗ
1813 2835 1856 2881 V

227 2897 331 2940 ΘΝ
356 2909 400 2951 p.
525 2901 592 2940 16.
630 2897 740 2955 ΓΘ]
775 2895 892 2940 Pin
924 2911 1012 2941 ras.
1046 2911 1105 2941 m.
1140 2902 1164 2940 1
1198 2897 1252 2941 V.
1376 2901 1447 2942 23
1483 2897 1606 2955 ΘΗ]
1639 2898 1733 2942 ΘΗ
1765 2895 1863 2941 Vv.
1886 2922 1888 2929 ›
