1904 3184
0 2562 11 2659 ’1

0 2661 13 2787 »1

468 80 730 122 SCHOLIA
760 79 825 121 IN
856 77 1139 120 EUCLIDIS
1172 76 1404 119 OPTICA.
1684 73 1790 127 135

204 202 291 255 49.
342 199 743 282 Συ-μβάλλουσι
775 199 843 267 δὴ
878 196 1139 266 ἀλλήλαις
1168 216 1218 267 p.
1244 196 1332 266 44,
1365 195 1423 266 3]
1460 196 1604 248 διότι
1638 194 1789 248 ἐλάτ-

18 327 19 330 =
90 310 224 353 τους
263 288 369 343 εἰσὶ
406 292 442 359 β
474 288 668 359 ὀρθῶν
699 288 762 340 αἱ
789 290 854 355 Β,
882 289 936 338 Γ
958 289 1155 354 γωνίαι
1188 286 1281 338 διὰ
1306 286 1367 339 τὸ
1393 283 1513 338 κατ’
1545 283 1792 353 ἀνάγκην

91 387 191 448 τῆς
228 377 374 447 ἁφῆς
411 384 508 445 τῆς
548 373 844 446 διαμέτρου
885 382 985 427 τοῦ
1023 375 1231 427 κύκλου
1271 375 1519 443 μείζονος
1559 374 1742 442 οὔσης.

206 484 291 536 50.
346 483 423 535 Εἰ
467 481 571 551 γὰρ
621 480 688 533 οὐ
737 477 1103 547 συνέβαλλον,
1149 474 1219 546 ἧν
1258 476 1329 530 ἂν
1368 477 1719 548 παράλληλος
1757 476 1790 546 ἡ

93 571 248 643 [ΒΖ]
280 579 346 642 τῇ
381 573 498 639 ΓΖ,
533 568 626 623 καὶ
657 570 719 622 τὸ
754 567 1035 638 [ΛΕ]ΒΖ
1066 569 1659 637 παραλληλόγραμμον,
1698 564 1791 619 καὶ
1855 576 1882 616 5

16 678 20 721 f
91 662 128 732 ἡ
158 661 449 731 διάμετρος
482 664 571 728 ἴση
605 658 731 731 [τῷ]
765 658 1115 726 διαστήματι·
1151 655 1331 726 [ὅπερ]
1366 655 1466 724 οὐχ
1491 655 1791 709 ὑπόκειται.

205 768 293 820 51.
347 765 461 818 Διά
507 767 566 817 τί
607 770 1051 834 προσπεσοῦνται
1099 762 1160 814 αἱ
1203 765 1331 830 ΒΕ,
1371 763 1494 825 ΓΔ;
1574 757 1687 812 ἐπεὶ
1730 760 1791 812 τὸ

17 892 19 922 2
94 866 206 910 τῶν
244 854 505 925 ὀμμάτων
537 852 812 922 διάστημα
843 853 1028 921 μεῖζόν
1061 849 1174 903 ε’στι
1212 848 1304 902 καὶ
1336 849 1691 920 παράλληλον
1726 856 1792 918 τῇ

17 930 19 982 s
94 943 368 1016 διαμέτρῳ
417 950 513 1012 τῆς
555 943 820 1012 σφαίρας,
877 939 1185 1009 ἐφάψονται
1233 935 1293 991 δὲ
1340 939 1400 991 αί
1444 937 1659 1001 ἀκτῖνες
1696 945 1794 1006 τῆς

16 1048 19 1105 4]
93 1037 337 1104 σφαίρας
374 1032 511 1085 κατὰ
549 1030 756 1101 πέρατα
796 1027 1095 1099 διαμέτρου
1132 1029 1341 1081 κύκλου
1381 1028 1532 1091 τινὸς
1578 1036 1691 1080 τῶν
1731 1025 1791 1079 ἐν
1826 1037 1882 1077 10

15 1116 19 1164 3
93 1132 159 1194 τῇ
206 1125 418 1194 σφαίρᾳ
465 1111 755 1183 ἐλάττονος
799 1117 892 1172 καὶ
938 1119 1294 1189 παραλλήλου
1340 1117 1509 1186 οὔσης
1556 1124 1631 1188 τῷ
1673 1116 1793 1168 δια-

93 1214 326 1282 στήματι
381 1220 494 1264 τῶν
540 1209 824 1280 ὀμμάτων,
881 1206 996 1262 ἐπεὶ
1048 1205 1140 1260 καὶ
1195 1214 1292 1275 τῆς
1346 1204 1641 1277 διαμέτρου
1696 1212 1794 1273 τῆς

16 1306 19 1337 ⁶
94 1304 338 1372 σφαίρας
380 1299 629 1354 ἐλάσσων
669 1299 807 1367 αὕτη
850 1295 964 1351 ε’στὶ
1003 1295 1095 1350 καὶ
1134 1295 1501 1366 παράλληλος,
1539 1292 1632 1347 καὶ
1668 1291 1792 1363 οὐχὶ

17 1383 19 1385 ’
93 1391 234 1445 κατὰ
279 1391 346 1443 τὰ
385 1388 593 1459 πέρατα
638 1397 735 1458 τῆς
775 1386 1074 1457 διαμέτρου
1121 1394 1216 1454 τῆς
1263 1387 1527 1455 σφαίρας,
1575 1384 1635 1436 αἱ
1679 1381 1792 1436 ε’πι-

16 1497 19 1511 ³
96 1483 387 1548 ζευγνῦσαι
411 1480 508 1542 τὰς
531 1480 919 1547 παραλλήλους
943 1475 1061 1546 μέν,
1092 1476 1165 1545 μὴ
1193 1479 1315 1537 ἴσας
1339 1472 1416 1543 δέ,
1446 1474 1548 1527 οὐκ
1572 1475 1790 1526 ἔσονται
1826 1483 1880 1523 15

16 1631 18 1634 v
93 1569 450 1640 παράλληλοι.
509 1574 919 1638 συμπεσοῦνται
944 1567 1053 1635 ἄρα
1087 1566 1148 1618 αἰ
1168 1564 1290 1632 ΒΕ,
1319 1566 1371 1616 Γ
1363 1568 1432 1616 Λ.
1487 1563 1572 1616 ὅτι
1605 1558 1665 1614 δὲ
1691 1561 1792 1614 οὐκ

16 1671 18 1675 ’
95 1657 403 1729 ἑφάψονται
441 1658 580 1711 κατὰ
611 1659 677 1711 τὰ
709 1655 916 1727 πέρατα
948 1662 1044 1724 τῆς
1077 1652 1374 1723 διαμέτρου
1407 1660 1503 1721 τῆς
1535 1653 1791 1721 σφαίρας,

97 1750 365 1818 φανερόν·
390 1749 442 1800 εἰ
455 1748 560 1817 γὰρ
580 1746 890 1817 ἐφάψονται
913 1744 1051 1797 κατὰ
1070 1744 1137 1796 τὰ
1153 1741 1360 1813 πέρατα
1383 1749 1479 1811 τῆς
1495 1739 1792 1811 διαμέτρου

96 1845 193 1907 τῆς
231 1840 495 1909 σφαίρας,
536 1837 630 1890 διὰ
668 1837 730 1890 τὸ
772 1834 849 1905 ιη’
885 1842 985 1888 τοῦ
1023 1831 1079 1901 γ’
1119 1841 1232 1885 τῶν
1272 1833 1577 1900 Στοιχείων
1615 1829 1793 1901 ὀρθὰς

94 1928 310 1995 ποιήσει
350 1928 556 1995 γωνίας
595 1925 628 1994 ἡ
669 1921 1018 1994 ἐφαπτομένη
1058 1922 1192 1992 μετὰ
1231 1928 1327 1989 τῆς
1360 1917 1656 1990 διαμέτρου
1696 1925 1792 1987 τῆς
1825 1928 1880 1968 20

78 2018 358 2086 σφαίρας·
399 2017 461 2069 αἱ
497 2012 558 2068 δὲ
598 2014 704 2068 ἀπὸ
744 2015 847 2067 δύο
888 2012 1083 2083 ὀρθῶν
1122 2011 1514 2080 ἐκβαλλόμεναι
1554 2008 1621 2062 οὐ
1657 2021 1791 2076 συμ-

97 2112 417 2159 πεσοῦνται·
472 2105 1050 2175 παραλληλόγραμμον
1096 2102 1203 2171 ἄρα
1249 2097 1363 2153 ἐστὶ
1417 2100 1478 2152 τὸ
1524 2097 1632 2151 ὑπὸ
1679 2105 1792 2150 τῶν

98 2191 362 2263 ἀκτίνων,
407 2201 508 2247 τοῦ
549 2194 915 2262 διαστήματος
953 2201 1064 2245 τῶν
1104 2189 1363 2259 ὀμμάτων
1408 2185 1499 2241 καὶ
1540 2194 1634 2254 τῆς
1672 2186 1791 2238 δια-

98 2281 300 2354 μέτρου
338 2291 435 2353 τῆς
474 2285 716 2354 σφαίρας
746 2282 1150 2352 περιεχόμενον.
1211 2286 1324 2331 τῶν
1356 2274 1417 2330 δὲ
1447 2278 1791 2345 παραλληλο-

101 2371 366 2442 γράμμων
421 2373 482 2426 αἱ
526 2372 857 2425 ἀπεναντίον
910 2366 1144 2439 πλευραὶ
1193 2372 1305 2420 ἴσαι
1352 2365 1613 2433 ἀλλήλαις
1659 2364 1789 2416 εἰσί·
1823 2372 1880 2413 25

101 2462 226 2514 ἴσον
271 2463 377 2532 ἄρα
423 2462 484 2515 τὸ
533 2471 644 2514 τῶν
684 2459 944 2530 ὀμμάτων
991 2458 1263 2525 διάστημα
1309 2456 1370 2508 τὸ
1412 2456 1523 2506 ΒΓ
1561 2461 1625 2523 τῇ
1672 2452 1791 2504 δια-

100 2547 277 2623 μέτρῳ
309 2558 406 2619 τῆς
430 2553 689 2620 σφαίρας·
725 2550 856 2618 ὅπερ
883 2548 984 2617 οὐχ
1008 2547 1307 2601 ὑπόκειται.
1356 2543 1457 2596 οὐκ
1483 2541 1789 2611 ἐφάψονται

101 2635 208 2706 ἄρα
247 2641 382 2693 κατὰ
421 2641 487 2693 τὰ
526 2638 733 2709 πέρατα
772 2646 867 2706 τῆς
908 2634 1204 2707 διαμέτρου
1244 2642 1339 2703 τῆς
1379 2634 1633 2702 σφαίρας.

170 2781 176 2788 ·
221 2773 291 2814 49.
322 2769 404 2816 Vb.
529 2775 597 2815 50.
633 2769 711 2813 Vb.
837 2772 906 2811 51.
941 2766 1017 2812 V1.

221 2891 276 2931 27
324 2887 436 2944 ὅπερ
470 2890 554 2947 οὐχ
585 2887 848 2944 ὑπόκειται]
882 2900 1021 2942 supra
1055 2899 1139 2928 scr.
