1904 3184
697 89 1165 132 PROLEGOMENA.
1685 84 1788 128 XLI

91 209 313 256 Nemesio
351 208 578 267 (Nemesii
615 206 782 253 Versio
820 206 993 250 Latina
1033 206 1104 251 ed.
1137 204 1392 262 Holzinger
1430 220 1474 262 p.
1502 207 1576 262 80)
1614 204 1788 248 habere

79 279 263 336 potest,
289 278 344 320 ut
359 275 529 320 suadet
552 274 817 331 exemplum
839 273 1019 316 nummi
1043 273 1102 316 iis
1127 286 1372 316 commune
1389 272 1534 330 (apud
1550 272 1790 316 Theonem

94 347 167 390 est
197 343 404 403 βελόνη),
437 355 724 398 quamquam
754 339 833 383 hic
864 339 1110 383 Euclidem
1139 353 1235 383 non
1266 338 1500 396 nominat,
1538 338 1620 382 sed
1652 352 1789 396 „geo—

93 413 311 456 metros“.
389 407 744 453 renascentibus
798 420 910 451 uero
962 406 1134 450 litteris
1181 405 1390 450 recensio
1437 405 1641 450 Theonis
1687 419 1791 462 per-

94 470 294 581 umgztaa
302 471 413 580 uessiils
431 538 504 579 est
525 533 753 592 Georgius
769 533 924 590 Ualla,
950 533 1032 589 qui
1054 534 1124 578 De
1143 535 1294 591 expet.
1313 535 1362 578 et
1376 532 1473 591 fug.
1491 533 1630 577 rebus
1647 532 1746 589 XV,
1765 537 1791 576 3

94 607 279 663 partem
319 602 593 660 Opticorum
631 600 800 645 Latine
839 600 985 645 uertit
1031 603 1091 658 (u.
1125 600 1258 644 Neue
1289 599 1473 657 Jahrb,
1514 599 1673 657 Suppl.
1706 598 1793 642 XII

94 688 140 730 p.
166 672 440 727 394—395);
472 683 584 713 nam
615 683 710 713 non
741 668 882 712 modo
913 666 1258 725 praefationem
1281 667 1486 712 Theonis
1516 666 1676 723 habet,
1711 666 1793 710 sed

97 739 243 784 etiam
274 735 698 782 demonstrationes
730 734 1013 779 recensionis
1046 733 1338 792 Theoninae,
1378 734 1512 779 uelut
1549 747 1679 791 prop.
1715 738 1793 777 10:

96 804 266 864 positis
305 803 430 848 infra
470 802 656 847 oculum
691 802 870 860 planis,
910 815 1032 858 quae
1063 801 1317 846 remotiora
1349 803 1479 859 sunt,
1521 799 1797 845 sublimiora

96 873 330 916 uidentur.
394 870 458 914 sit
495 883 683 926 nanque
721 869 882 913 oculus
924 871 949 914 b
990 883 1131 926 supra
1169 871 1227 914 ck
1263 869 1459 926 planum
1497 868 1794 924 collocatum,

97 952 128 983 a
159 953 251 994 quo
285 953 397 983 sane
430 938 566 983 oculo
599 938 774 982 cadant
808 935 932 981 radii
963 938 1022 982 bc
1053 939 1119 982 bd
1151 937 1213 992 bf
1239 938 1320 993 bk,
1364 951 1562 992 quorum
1593 937 1655 982 bk
1692 948 1797 992 per-

96 1005 417 1063 pendicularis
450 1005 513 1049 sit
542 1004 593 1048 in
625 1004 910 1049 collocatum
939 1003 1146 1061 planum.
1211 1003 1308 1060 aio,
1353 1006 1416 1049 cd
1453 1003 1556 1060 ipso
1590 1004 1657 1059 df
1689 1002 1797 1046 sub-

99 1072 261 1117 limius
292 1072 458 1118 uideri.
522 1072 671 1130 igitur
708 1074 771 1117 cd
809 1071 911 1128 ipso
952 1072 1021 1126 df
1052 1070 1328 1115 sublimiora
1360 1070 1600 1127 uidentur,
1649 1071 1701 1114 at
1737 1069 1798 1125 fd

99 1154 243 1197 quam
272 1141 302 1196 f
306 1142 346 1185 k.
411 1153 521 1197 ergo
554 1152 676 1195 quae
709 1139 794 1183 sub
827 1137 1180 1183 sublimioribus
1219 1137 1364 1182 radiis
1397 1139 1648 1195 apparent,
1690 1136 1799 1180 sub-

99 1207 288 1252 limiora
316 1206 667 1264 comparebunt.
717 1219 774 1250 ex
804 1205 894 1250 hoc
917 1204 1021 1249 loco
1047 1204 1187 1248 simul
1211 1205 1421 1262 adparet,
1455 1204 1588 1248 cuius
1612 1202 1798 1261 generis

40 1304 43 1306 -
104 1274 253 1319 codex
285 1273 384 1317 eius
416 1273 580 1329 fuerit3
623 1272 803 1317 omittit
834 1272 959 1316 enim
996 1288 1041 1329 p.
1077 1277 1177 1329 166,
1211 1277 1266 1316 22
1298 1272 1350 1316 τὸ
1384 1269 1436 1316 δέ
1474 1299 1523 1304 -
1556 1287 1600 1328 p.
1636 1274 1737 1327 168,
1772 1275 1797 1315 6

99 1342 130 1399 ἡ
164 1344 255 1385 KZ
286 1343 341 1384 ut
364 1340 465 1385 cod.
491 1341 674 1385 Monac.
701 1345 785 1384 361
821 1342 868 1384 et
893 1339 1217 1396 apographum
1242 1338 1340 1383 eius
1374 1339 1474 1384 cod.
1492 1337 1638 1383 Paris.
1659 1341 1798 1393 23523

21 1437 24 1448 ,
102 1407 249 1453 etiam
271 1423 315 1465 p.
340 1412 439 1464 168,
466 1411 493 1450 8
519 1406 787 1464 φαινόμενα
811 1405 982 1451 habuit
1003 1420 1088 1464 pro
1123 1406 1336 1463 ὁρώμενα
1369 1421 1474 1450 611111
1501 1406 1684 1450 Monac.
1712 1409 1797 1449 361

101 1478 151 1520 et
180 1490 224 1532 p.
251 1479 352 1531 238,
380 1479 435 1518 19
476 1472 760 1532 διαφέρηται
791 1473 1013 1532 (differat)
1044 1488 1128 1531 pro
1163 1471 1476 1531 διαφαίνηται
1515 1487 1621 1516 cum
1651 1471 1798 1516 Paris.

21 1592 23 1597 ,
103 1546 220 1587 2352
255 1544 321 1598 (et
355 1541 454 1585 sine
487 1541 631 1586 dubio
665 1540 811 1585 etiam
841 1541 1022 1586 Monac.
1050 1543 1168 1598 361).
1224 1540 1321 1584 iam
1353 1554 1459 1584 cum
1490 1540 1672 1584 Monac.
1699 1543 1801 1595 361,

20 1619 23 1633 ·
102 1611 158 1653 ut
180 1623 289 1653 mox
312 1608 592 1665 uidebimus,
617 1607 830 1653 Uenetiis
856 1607 1112 1664 aliquando
1134 1607 1290 1664 fuerit,
1315 1607 1397 1651 ubi
1414 1606 1556 1651 Ualla
1581 1605 1800 1663 degebat,

104 1675 206 1721 ueri
238 1675 390 1720 simile
423 1678 508 1733 est,
541 1689 649 1720 eum
678 1676 803 1719 hunc
835 1675 991 1733 ipsum
1023 1674 1232 1718 codicem
1255 1673 1501 1730 habuisse3
1535 1675 1583 1718 et
1607 1672 1800 1729 scholia,

106 1757 228 1800 quae
262 1743 402 1788 Ualla
431 1742 610 1801 recepit
641 1746 724 1800 (nr.
760 1748 800 1800 7,
835 1743 953 1800 10*),
987 1742 1130 1799 15**),
1166 1746 1236 1799 18,
1268 1744 1324 1785 38
1363 1755 1392 1785 6
1421 1756 1464 1798 p.
1492 1745 1600 1798 266,
1635 1746 1705 1797 10,
1729 1744 1801 1797 41,

106 1815 177 1868 60,
203 1815 273 1867 57,
300 1814 371 1867 58,
397 1815 467 1867 91,
493 1813 581 1868 92),
613 1810 664 1854 111
686 1811 869 1855 Monac.
902 1811 1024 1866 sunt,
1054 1824 1123 1853 nr.
1151 1812 1222 1865 60,
1248 1812 1319 1865 57,
1345 1813 1401 1852 58
1435 1807 1599 1852 eodem
1625 1806 1802 1863 ordine,

106 1891 213 1921 cum
243 1877 389 1922 Paris,
422 1881 539 1921 2352
572 1876 753 1921 scholia
783 1891 878 1920 non
909 1876 1100 1920 habeat.
1111 1875 1199 1933 ***)

224 1943 667 2001 Interpretationem
697 1943 933 2002 integram
962 1943 1140 2001 primus
1177 1941 1329 1987 edidit
1358 1941 1570 1986 Uenetiis
1611 1955 1651 1986 a.
1687 1944 1802 1985 1505

105 2011 494 2056 Bartholomaeus
527 2011 816 2068 Zambertus,
849 2010 931 2067 qui
963 2011 1021 2055 de
1053 2009 1294 2054 codicibus
1328 2008 1423 2052 suis
1454 2008 1572 2052 haec
1606 2007 1722 2051 dicit
1752 2006 1803 2051 in

105 2078 422 2136 praefatione:
456 2077 586 2122 cuius
615 2077 806 2134 quidem
830 2077 1110 2135 disciplinae
1133 2076 1366 2121 rationem
1391 2076 1672 2132 quandoque
1698 2088 1804 2118 cum

17 2297 21 2331 2
108 2301 182 2331 res
213 2287 339 2344 11166,
380 2288 428 2331 et
458 2286 661 2344 angulus
694 2299 926 2343 expansus
959 2288 1032 2330 est
1069 2286 1120 2329 in
1153 2285 1310 2341 oculo,
1351 2284 1544 2340 eiusque
1577 2283 1805 2326 diameter

17 2372 19 2375 f
110 2360 249 2404 super
286 2349 451 2413 partes
493 2345 562 2390 rei
608 2346 658 2389 in
702 2359 750 2389 se
790 2345 1031 2402 discurrit,
1078 2359 1138 2389 ne
1179 2343 1606 2410 apprehendamus
1622 2344 1806 2399 partem

16 2425 19 2467 3
47 2445 58 2467 .·
110 2405 329 2463 nisibilis,
361 2405 454 2449 nisi
486 2420 629 2462 quam
661 2404 890 2450 diameter
921 2404 1131 2462 attingit,
1163 2404 1364 2460 ideoque
1397 2402 1526 2459 dicit,
1560 2402 1687 2458 quod
1709 2415 1804 2445 non

111 2465 274 2510 statim
304 2465 519 2510 uidemus
553 2464 797 2509 denarium
827 2464 878 2508 in
908 2464 1181 2522 pauimento
1213 2463 1467 2520 iacentem,
1501 2461 1627 2518 quod
1660 2459 1804 2506 etiam

16 2568 18 2575 ,
47 2558 57 2595 3
110 2525 338 2583 probatur
368 2539 451 2582 per
483 2523 946 2592 demonstrationem

253 2586 293 2642 ⁸)
331 2585 431 2629 Hoc
471 2583 570 2628 61116
610 2583 755 2628 dubio
796 2583 941 2628 etiam
979 2583 1029 2627 in
1059 2584 1240 2628 Monac.
1275 2584 1452 2638 exstat,
1499 2580 1647 2624 habet
1682 2577 1807 2623 enim

16 2631 63 2705 *2*
113 2644 215 2690 cod.
249 2644 379 2689 Leid.

232 2704 296 2762 ”)
327 2702 520 2761 Incipit.
553 2702 686 2747 aliud
719 2702 781 2746 sit
811 2702 994 2759 itaque3
1027 2701 1077 2745 in
1107 2702 1292 2746 Monac.
1325 2702 1418 2745 est·
1458 2699 1567 2744 ἄλλο
1608 2708 1670 2750 V.

172 2764 297 2821 ¹⁸'‘')
328 2762 529 2819 Reliqua
561 2762 889 2807 additamenta
919 2761 1108 2818 Uallae‚
1150 2774 1270 2817 quae
1303 2758 1665 2804 commemoraui
1704 2758 1733 2803 1.
1769 2772 1805 2802 c

191 2827 426 2867 394—395
458 2824 583 2880 (post
612 2836 742 2889 prop.
779 2828 847 2878 10,
882 2821 942 2864 ad
974 2835 1136 2877 propp.
1173 2822 1378 2877 19-21),
1413 2818 1511 2863 61116
1545 2818 1689 2862 dubio
1724 2831 1805 2861 suo

113 2881 265 2927 Marte
296 2881 487 2926 aliunde
523 2896 679 2938 sumps
661 2880 734 2925 sit.
