1904 3184
302 86 367 127 IN
398 84 748 127 OPTICORUM
777 84 1208 126 RECENSIONEM
1237 85 1515 128 THEONIS.
1645 82 1754 136 269

12 194 50 251 ιῙ
69 203 343 260 ἐπιπέδων
374 223 431 257 τε
468 201 560 256 καὶ
589 204 810 257 κύκλων
847 201 938 256 καὶ
970 205 1238 257 τοιούτων
1269 213 1455 272 τινῶν,
1494 204 1587 256 ἵνα
1619 205 1755 257 κατὰ

11 279 14 351 ἶ
43 293 251 370 ζπάντα
297 294 603 362 σύμφωνον
641 292 817 361 αὐτὴν
852 294 1053 363 ποιήσῃ
1101 303 1216 356 τοῖς
1255 292 1314 346 ἐν
1352 302 1417 364 τῇ
1458 296 1758 365 γεωμετρίᾳ

72 385 362 452 στοιχείοις
398 380 490 435 καὶ
521 381 910 452 παρασκευάσῃ
949 383 1048 435 τὸν
1079 381 1355 453 ἀκροατὴν
1388 382 1521 452 μετὰ
1551 385 1758 450 πολλῆς

11 493 14 528 ;
39 484 48 541 [
71 472 156 526 ὅτι
194 471 428 541 μάλιστα
459 470 664 540 ἡδονῆς
696 469 984 538 ἐγκύπτειν
1015 481 1130 533 τοῖς
1160 472 1535 540 θεωρήμασιν,
1576 471 1755 539 ὥσπερ

12 599 13 615 ;
71 558 256 629 ἀμέλει
295 558 386 612 καὶ
418 558 506 612 ἐπὶ
536 567 634 628 τῆς
673 558 1039 630 ἀριθμητικῆς
1071 562 1220 612 ἔστιν
1254 560 1395 613 ἰδεῖν
1433 559 1604 612 αὐτὸν
1641 576 1757 611 ποι-

11 710 14 727 x
73 656 244 702 οῦντα
280 646 373 700 καὶ
404 650 736 718 γεωμετρίας
773 646 864 700 καὶ
895 657 1007 700 τῶν
1038 649 1221 701 ἄλλων
1252 648 1609 718 μαθημάτων.
1673 648 1757 701 ὅτι

9 729 14 772 '³
70 734 173 808 μὲν
210 737 315 807 γὰρ
356 738 459 790 δύο
491 738 853 804 τετραγώνων
885 736 1143 806 ἀριθμῶν
1174 730 1251 799 εἷς
1282 735 1451 806 μέσον
1482 736 1758 805 ἀνάλογόν

10 885 13 892 ,
73 826 223 880 ἐστιν
262 825 517 896 ἀριθμός,
555 833 719 878 τοῦτο
759 824 966 893 ἀληθές
1005 826 1171 894 ἐστιν,
1211 824 1328 879 ἀλλ’
1368 826 1434 879 οὐ
1475 827 1563 879 δεῖ
1593 832 1757 878 τοῦτο

10 908 249 986 ἷζμόνον
304 913 397 967 ἀπ’
448 915 617 983 αὐτῆς
669 913 874 967 εἰδέναι
928 922 1024 983 τῆς
1078 916 1412 984 αἰσθήσεως,
1466 913 1540 968 ἵν’
1583 914 1759 976 οὕτως

10 1023 13 1038 ¹
47 1008 223 1072 εἴπω,
263 1003 401 1056 ἀλλὰ
438 1002 531 1057 καὶ
571 1002 645 1057 δι’
677 1002 1005 1067 ἀποδείξεως
1035 1003 1449 1075 ἀσφαλεστέραν
1480 1007 1623 1073 ἔχειν
1653 1003 1755 1072 τὴν

73 1090 198 1163 περὶ
230 1092 403 1146 αὐτοῦ
435 1103 657 1161 γνῶσιν.
721 1093 923 1162 ὁμοίως
947 1089 1007 1146 δὲ
1038 1091 1129 1145 καὶ
1160 1101 1324 1146 τοῦτο
1356 1091 1560 1161 ἀληθές
1593 1091 1758 1161 ἐστιν,

10 1171 12 1176 ’
50 1182 177 1251 ὅτι,
208 1181 305 1235 ἐὰν
337 1182 441 1234 δύο
466 1182 682 1235 εὐθεῖαι
713 1181 985 1251 τέμνωσιν
1017 1181 1270 1250 ἀλλήλας,
1301 1181 1397 1244 τὰς
1428 1182 1564 1234 κατὰ
1595 1201 1760 1252 κορυ-

74 1272 189 1341 φὴν
233 1273 441 1339 γωνίας
487 1276 609 1334 ἴσας
655 1269 916 1340 ἀλλήλαις
960 1272 1314 1340 ποιήσουσιν,
1367 1269 1458 1323 καὶ
1513 1271 1759 1342 φανερὸν

59 1359 180 1434 ,ἀπὸ
219 1369 315 1429 τῆς
354 1361 689 1429 αἰσθήσεως,
735 1358 856 1413 ἀλλ’
893 1359 995 1412 οὐκ
1034 1359 1245 1431 ἀπόχρη
1284 1359 1423 1429 πρὸς
1462 1358 1760 1429 ἐπιστήμην

8 1441 13 1523 f
75 1450 137 1503 τὸ
183 1449 359 1512 οὕτως
404 1447 611 1502 εἰδέναι
656 1451 854 1518 μόνον,
900 1447 1021 1502 ἀλλ’
1065 1452 1208 1518 ἔχειν
1254 1455 1417 1503 τοῦτο
1458 1446 1759 1518 ὁμολογού-

77 1556 245 1608 μενον
291 1540 350 1591 ἔκ
396 1557 567 1591 τινων
612 1538 898 1609 προτέρων
943 1536 1035 1591 καὶ
1082 1536 1540 1608 γνωριμωτέρων·
1595 1544 1759 1590 τοῦτο

77 1625 143 1679 δέ
175 1625 324 1679 ἐστιν
362 1626 395 1695 ἡ
435 1626 726 1692 ἀπόδειξις.
804 1626 832 1680 ὁ
873 1628 1039 1691 αὐτὸς
1077 1630 1271 1680 τοίνυν
1310 1629 1473 1695 λόγος
1511 1624 1624 1679 ἐστὶ
1668 1623 1761 1678 καὶ

10 1744 12 1775 ;
77 1713 165 1769 ἐπὶ
202 1716 433 1785 τούτων,
474 1718 557 1770 ὅτι
596 1727 845 1786 φυσικῶς
884 1720 992 1786 ἔχει
1031 1716 1064 1785 ἡ
1097 1717 1288 1787 ὅρασις
1321 1716 1495 1779 οὕτως
1527 1713 1664 1786 ὁρᾶν
1695 1715 1762 1767 τὰ

8 1823 12 1859 ἡ
78 1801 343 1875 ὁρώμενα,
383 1805 459 1868 ὡς
491 1803 520 1858 ὁ
553 1806 859 1875 Εὐκλείδης
894 1809 1083 1876 φησίν,
1123 1806 1215 1858 ἵνα
1247 1802 1308 1858 δὲ
1337 1803 1430 1858 καὶ
1462 1804 1762 1873 ἐπιστήμην

8 1897 12 1944 ‘1
77 1892 262 1947 αὐτῶν
316 1897 546 1964 ἔχωμεν,
599 1897 739 1966 πρὸς
790 1896 1098 1964 κατάληψιν
1151 1892 1543 1966 ἀκριβεστέραν
1587 1910 1760 1963 παρα-

25 2036 29 2039 ,
76 1983 451 2052 λαμβάνονται
505 1985 566 2038 ἐν
619 1995 739 2047 ταῖς
794 1983 1140 2049 ἀποδείξεσιν
1193 1984 1378 2037 αὐτῶν
1423 1983 1615 2036 κύκλοι
1670 1980 1762 2035 καὶ

9 2084 12 2142 ξ
78 2068 304 2125 ἐπίπεδα
341 2072 433 2126 καὶ
472 2075 611 2127 ἄλλα
649 2082 891 2127 τοιαῦτα.

193 2178 294 2247 χρὴ
335 2173 396 2230 δὲ
435 2176 666 2246 εἰδέναι,
722 2177 796 2239 ὡς
833 2179 964 2240 τοὺς
1001 2178 1238 2240 κύκλους
1284 2175 1374 2230 καὶ
1413 2177 1479 2228 τὰ
1519 2175 1762 2244 ἐπίπεδα,

81 2261 212 2317 ὅταν
263 2261 364 2335 μὲν
411 2263 625 2336 ὁρῶμεν
678 2266 818 2318 αὐτὰ
871 2266 937 2318 τὰ
991 2267 1215 2335 σώματα
1255 2259 1390 2318 ὀἷον
1439 2273 1682 2335 σφαῖραν
1728 2262 1761 2332 ἢ

81 2353 404 2423 κύλινδρον,
442 2364 654 2423 νοητῶς
694 2355 783 2407 δεῖ
817 2353 1162 2426 ἀναγράφειν
1201 2354 1234 2423 ἢ
1275 2354 1582 2424 ἐκβάλλειν,
1630 2353 1762 2406 ὅταν

83 2436 143 2494 δὲ
181 2441 241 2495 ἐν
278 2441 538 2515 ἐπιπέδῳ,
578 2444 857 2511 αἰσθητῶς
895 2443 969 2506 ὡς
1008 2441 1268 2496 ἐνταῦθα.

162 2769 241 2809 «4.
282 2764 523 2823 ἐγγύπτειν
555 2767 608 2810 V.
764 2771 802 2809 6.
843 2768 1185 2822 μαθηματικῶν
1224 2780 1267 2821 p.
1422 2768 1458 2807 7.
1501 2760 1660 2821 μέσον]
1696 2762 1762 2807 sic

83 2818 200 2925 vp2'4
245 2830 351 2929 οἷῖὶῖι
379 2823 1236 2942 ΕἼῖξιῖύΙλινδροῗῖ.ἰίιτξιηὲσθῖῗσιωῐὲιι
1282 2827 1387 2927 ῩΙὸ.
1421 2821 1546 2881 ἀλλ’]
1578 2820 1695 2867 ἀλλά
1717 2838 1760 2880 p.

1791 1014 1844 1053 10

1794 1456 1848 1497 15

1793 1901 1850 1942 20

1794 2360 1850 2401 25
