1904 3184
82 1076 136 1116 10

79 1522 134 1561 15

79 1967 136 2007 20

79 2478 134 2518 25

174 142 279 195 106
740 145 1025 188 EUCLmIS
1057 145 1286 189 οΡΤΙοΑ.

170 265 282 316 ΒΓ
318 263 749 334 περιγεγράφθω
797 272 1002 334 τμῆμα,
1057 263 1086 318 ὃ
1127 263 1334 329 δέξεται
1380 273 1476 334 τῆς
1516 266 1654 336 πρὸς
1692 273 1767 338 τῷ
1808 268 1866 318 Κ

169 354 374 420 γωνιάς
419 351 686 421 ἡμίσειαν.
779 354 986 407 οὐκοῦν
1030 353 1064 422 ἡ
1110 357 1168 406 Κ
1216 356 1391 421 γωνία
1439 355 1700 408 διπλασία
1747 353 1860 408 ε’στὶ

168 448 264 510 τῆς
294 445 350 493 Δ
388 443 606 509 γωνίας.
680 441 942 494 διπλασία
981 443 1088 512 ἄρα
1127 445 1383 511 φαίνεται
1414 443 1447 512 ἡ
1480 448 1533 496 A
1546 447 1590 495 Z
1628 451 1724 513 τῆς
1756 446 1868 497 ΒΓ

166 539 279 583 τῶν
317 529 578 599 ὀμμάτων
617 529 703 584 ἐπὶ
743 540 855 584 τῶν
894 534 1091 600 ΑΚΖ,
1131 535 1236 584 ΒΔ
1247 534 1300 585 Γ
1337 542 1703 603 περιφερειῶν
1751 552 1858 586 κει-

167 617 363 688 μένων.

951 693 1071 763 μθ’.

309 797 475 851 Έστω
523 797 807 869 ὁρώμενόν
851 817 904 850 τι
950 797 1185 867 μέγεθος
1231 800 1292 852 τὸ
1341 803 1465 852 ΑΒ.
1558 798 1722 868 λέγω,
1776 801 1858 854 ὅτι

166 886 228 939 τὸ
267 890 376 939 ΑΒ
425 889 533 957 ἔχει
579 889 806 956 τόπους,
855 886 916 941 ἑν
955 880 1038 950 οἷς
1084 896 1184 941 τοῦ
1224 891 1463 958 ὄμματος
1501 888 1759 952 τεθέντος
1797 890 1858 943 τὸ

165 976 299 1029 αὐτὸ
334 973 465 1029 ποτὲ
496 976 665 1046 ἥμισυ
697 973 826 1029 ποτὲ
860 976 991 1030 ὅλον
1022 973 1151 1030 ποτὲ
1183 976 1444 1046 τέταρτον
1476 980 1731 1047 φαίνεται
1767 976 1858 1031 καὶ

167 1067 415 1119 καθόλου
456 1065 516 1119 ἐν
554 1073 630 1138 τῷ
671 1064 899 1119 δοθέντι
939 1068 1100 1138 λόγῳ.

276 1155 710 1225 περιγεγράφθω
750 1153 876 1224 περὶ
915 1156 1017 1224 τὴν
1057 1159 1165 1208 ΑΒ
1206 1156 1406 1219 κύκλος
1445 1155 1473 1209 ὁ
1515 1159 1679 1208 ΑΕΒ
1722 1156 1859 1209 ὥστε

166 1245 268 1313 τὴν
307 1248 418 1297 ΑΒ
457 1245 530 1314 μὴ
570 1240 711 1298 εἶναι
753 1245 1064 1315 διάμετρον,
1107 1243 1198 1297 καὶ
1238 1246 1490 1314 εἰλήφθω
1529 1246 1590 1298 τὸ
1630 1243 1861 1315 κέντρον

166 1339 266 1385 τοῦ
313 1334 520 1386 κύκλου
566 1331 658 1387 καὶ
706 1336 843 1387 ἔστω
890 1334 952 1386 τὸ
994 1336 1063 1402 Γ,
1115 1332 1202 1403 ἐφ’
1240 1330 1308 1388 οὗ
1347 1336 1554 1387 κείσθω
1594 1334 1655 1387 τὸ
1697 1335 1891 1403 ὄμμα,.

165 1419 256 1474 καὶ
326 1420 742 1491 ἐπεζεύχθωσαν
804 1422 1019 1476 εὐθεῖαι
1088 1424 1150 1476 αἱ

167 1515 220 1563 Α
231 1513 290 1579 Γ,
319 1513 434 1564 ΓΒ.
488 1511 597 1565 ὑπὸ
629 1519 725 1581 τῆς
756 1514 919 1565 ΑΓΒ
953 1513 1059 1582 ἄρα
1083 1513 1144 1565 τὸ

167 1603 275 1652 ΑΒ
330 1599 600 1668 βλέπεται.
695 1604 903 1654 κείσθω
961 1602 1028 1670 δὴ
1083 1601 1145 1654 τὸ

167 1689 312 1757 ὄμμα
352 1687 439 1742 ἐπὶ
477 1697 573 1759 τῆς
610 1697 710 1742 τοῦ
748 1690 955 1743 κύκλου
995 1709 1146 1760 περι-

167 1780 390 1847 φερειάς
457 1776 549 1831 καὶ
603 1781 739 1832 ἔστω
794 1780 855 1832 τὸ
910 1783 982 1847 E,
1054 1777 1146 1831 καὶ

165 1865 656 1935 προσπιπτέτωσαν
687 1867 902 1930 ἀκτῖνες
929 1869 991 1921 αἱ
1018 1872 1146 1936 ΕΑ,
1225 1885 1287 1937 Α

166 1942 286 2008 ΕΒ.
380 1954 494 2008 ἐπεὶ
556 1953 660 2011 οὖν
715 1956 749 2025 ἡ
810 1957 918 2010 ὑπὸ
981 1960 1145 2010 ΑΓΒ

166 2047 341 2113 γωνία
380 2052 476 2114 τῆς
520 2046 629 2099 ὑπὸ
676 2050 843 2099 ΑΕΒ
899 2045 1012 2100 ἐστι
1064 2047 1146 2100 δι-

166 2137 300 2203 πλῆ,
353 2135 415 2187 τὸ
463 2138 573 2188 ΑΒ
629 2136 736 2206 ἄρα
783 2135 889 2189 άπὸ
936 2143 1036 2189 τοῦ
1084 2139 1137 2189 Γ
1176 2134 1469 2188 διπλάσιον
1519 2132 1711 2203 ὁρᾶται
1758 2140 1858 2186 τοῦ

166 2221 273 2276 ἀπὸ
306 2230 405 2276 τοῦ
433 2227 496 2276 Ε.
559 2223 761 2294 ὁμοίως
790 2223 882 2278 καὶ
914 2223 1174 2291 τέταρτον
1206 2222 1369 2294 μέρος
1400 2222 1725 2292 ὀφθήσεται,
1762 2221 1857 2275 ἐὰν

166 2310 199 2379 ἡ
228 2314 403 2379 γωνία
427 2318 523 2381 τῆς
546 2316 750 2381 γωνίας
773 2309 807 2385 ᾗ
831 2317 1118 2383 τετραπλῆ,
1142 2311 1234 2366 καὶ
1259 2311 1318 2365 ἐν
1342 2319 1416 2384 τῷ
1442 2309 1669 2364 δοθέντι
1694 2312 1855 2383 λόγῳ.

979 2468 1050 2522 ν’.

286 2569 409 2619 Τῶν
442 2570 541 2637 ἴσῳ
574 2565 722 2635 τάχει
756 2564 1079 2635 φερομένων
1110 2564 1201 2618 καὶ
1234 2562 1322 2618 ε’πὶ
1354 2571 1482 2634 μιᾶς
1511 2564 1649 2635 πρὸς
1680 2562 1858 2634 ὀρθὰς

168 2654 355 2717 αὐτοῖς
410 2655 578 2723 οὔσης
631 2654 852 2717 εὐθείας
905 2655 972 2707 τὰ
1018 2653 1106 2708 ἐπὶ
1159 2655 1227 2707 τὰ
1272 2653 1412 2706 αὐτὰ
1465 2651 1600 2724 μέρη
1649 2650 1857 2723 πέρατα

167 2742 406 2812 ἐχόντων
451 2746 800 2814 προσιόντων
846 2741 947 2813 μὲν
991 2745 1130 2814 πρὸς
1166 2745 1269 2812 τὴν
1308 2740 1582 2812 ἀγομένην
1624 2741 1717 2794 διὰ
1755 2747 1855 2794 τοῦ

286 2894 325 2934 2.
367 2891 436 2948 Κ]
471 2903 562 2946 seq.
595 2904 684 2934 ras.
719 2895 742 2933 1
777 2889 868 2934 litt.
902 2890 957 2934 V.
1089 2887 1343 2933 διπλασίων
1375 2888 1579 2932 Vat.¹m.
1711 2890 1750 2930 3.
1793 2886 1854 2944 A]

166 2947 217 2991 in
253 2963 342 2993 ras.
378 2949 432 3006 V,
482 2964 569 2994 om.
603 2948 813 2994 Vat.Av.
966 2949 1075 3007 AZ]
1125 2953 1208 2992 AB
1246 2947 1456 2992 Vat.Av.
1609 2950 1648 2989 4.
1698 2946 1855 3004 AKZ]
