1904 3184
382 105 734 150 OPTICORUM
762 105 1061 149 REGENSIO
1093 105 1372 148 THEoms
1617 102 1725 155 219

394 225 477 274 τΑ
851 225 1032 279 iacens
1055 224 1511 295 perpendiculare,
1537 223 1724 276 oculus

849 318 1030 367 autem
1085 314 1158 367 sit
1202 315 1267 382 Γ,
1323 316 1378 365 et
1429 315 1614 366 centro
1661 315 1726 382 Β,

848 404 998 456 radio
1032 406 1214 456 autem
1239 405 1351 456 ΒΓ
1377 401 1607 455 circulus
1642 401 1727 453 de-

851 493 1119 546 scribatur
1167 495 1282 545 ΓΛ.
1374 491 1522 561 dice,
1585 490 1631 543 si
1680 492 1734 543 Γ

847 601 944 652 per
983 582 1250 635 ambitum
1286 580 1473 634 circuli
1511 597 1726 632 mouea-

21 633 124 760 ³1⁷(
402 725 460 772 B
729 682 768 732 Δ
847 674 953 741 tur,
990 675 1101 724 AB
1141 689 1352 741 semper
1383 669 1606 740 aequale
1639 668 1726 721 ad-

104 731 120 821 l
847 778 1051 829 parere.
1127 764 1181 813 et
1225 760 1328 813 hoc
1375 758 1725 811 manifestum

15 844 38 895 '2
849 853 954 920 est3
1002 867 1187 902 omnes
1235 847 1379 901 enim
1417 848 1554 900 radii
1599 867 1630 900 a
1677 850 1731 901 Γ

847 941 1049 1008 puncto
1114 938 1180 990 ad
1230 941 1342 990 AB
1413 937 1720 990 adcidentes

35 1099 38 1102 ῃ
849 1027 1078 1097 angulos
1145 1025 1393 1095 aequales
1465 1025 1725 1096 efficiunt,

24 1114 287 1190 'Quoniam
326 1120 360 1177 l,
386 1118 433 1167 Β
472 1119 654 1168 rectus
695 1119 791 1169 est.
862 1134 991 1187 ergo
1026 1116 1169 1185 quod
1209 1115 1461 1186 cernitur,
1501 1115 1722 1184 aequale

26 1199 325 1282 ffiparebit.

28 1305 47 1351 Ξ
831 1295 917 1347 40.

29 1372 51 1430 ἒ
141 1379 238 1433 Sin
267 1381 603 1453 magnitudO‚
638 1401 773 1452 quae
807 1383 1060 1453 cernitur,
1091 1383 1158 1434 ad
1180 1382 1404 1452 planum
1436 1381 1719 1435 subiacens
1767 1390 1770 1394 ’

30 1470 486 1552 perpendicularis
533 1490 645 1525 non
691 1475 797 1543 est,
849 1491 947 1542 per
995 1470 1183 1525 circuli
1232 1474 1415 1523 autem
1454 1471 1721 1524 ambitum

33 1563 299 1631 mouetur,
338 1579 549 1630 semper
586 1560 888 1630 inaequalis
930 1564 1193 1614 cernetur.

142 1649 215 1703 sit
276 1649 509 1703 circulus
572 1655 626 1703 A
647 1653 721 1719 Θ,
791 1653 845 1702 et
906 1650 965 1702 in
1025 1650 1235 1702 ambitu
1297 1649 1411 1702 eius
1476 1652 1722 1702 sumatur

31 1743 294 1818 punctum
332 1745 409 1811 A,
455 1741 511 1792 et
558 1739 625 1792 ad
665 1739 926 1792 circulum
969 1757 1081 1792 non
1117 1737 1575 1808 perpendicularis
1617 1738 1722 1790 eri-

37 1832 195 1903 ‘atur
231 1832 381 1882 recta
418 1832 551 1899 ΛΖ,
600 1828 786 1881 oculus
827 1831 1011 1881 autem
1051 1828 1123 1880 sit
1161 1831 1225 1880 E.
1303 1827 1444 1896 dieo,
1491 1831 1625 1897 AZ,
1674 1827 1720 1880 si

28 1914 127 2004 *er
163 1918 430 1971 ambitum
470 1917 657 1971 circuli
695 1921 1002 1988 moueatur,
1047 1917 1208 1970 modo
1248 1917 1510 1970 maiorem
1557 1916 1718 1969 modo

35 2007 298 2071 minorem
337 2007 608 2076 adparere.

48 2099 68 2135 ‘i‘
142 2100 237 2149 aut
279 2096 452 2167 igitur
490 2100 545 2148 A
556 2099 601 2148 Z
647 2095 798 2148 radio
846 2095 1020 2148 maior
1066 2098 1150 2148 est
1195 2097 1290 2147 aut
1338 2094 1578 2163 aequalis
1626 2097 1720 2146 aut

34 2141 222 2258 11111101.
298 2185 535 2254 primum
576 2184 648 2237 sit
686 2184 882 2254 maior,
932 2187 988 2237 et
1024 2202 1121 2254 per
1159 2187 1212 2236 E
1257 2187 1502 2237 centrum
1542 2186 1721 2235 rectae

34 2275 145 2335 AZ
141 2274 441 2361 parallela
472 2274 701 2326 ducatur
733 2275 853 2344 ΕΓ,
893 2276 948 2325 et
980 2272 1053 2326 sit
1084 2275 1284 2326 EP=
1268 2276 1436 2342 ·ΛΖ,
1476 2272 1724 2325 ducatur-

37 2376 138 2433 que
176 2381 208 2415 a
229 2354 446 2433 puncto
485 2365 539 2416 Γ
570 2363 637 2415 ad
675 2362 899 2432 planum
939 2362 1222 2416 subiacens
1261 2360 1719 2437 perpendicularis

40 2447 172 2525 ΓΗ,
217 2470 351 2522 quae
393 2471 516 2506 cum
554 2452 715 2522 plano
755 2451 814 2503 in
852 2454 917 2503 H
957 2454 1263 2521 concurrat,
1313 2454 1367 2503 et
1406 2450 1566 2503 ducta
1605 2452 1729 2503 ΕΗ

36 2540 360 2609 producatur
414 2543 806 2609 concurratque
864 2558 987 2593 cum
1042 2540 1250 2593 ambitu
1296 2539 1354 2591 in
1401 2543 1476 2609 A,
1528 2557 1624 2608 per
1671 2543 1724 2591 A

40 2724 95 2775 fl
120 2728 214 2787 Vp.
320 2731 370 2790 ἡ]
403 2730 493 2776 del.
525 2730 712 2788 punctis
745 2745 786 2774 v.
894 2731 1050 2786 μεῖζον
1082 2744 1124 2785 v,
1159 2728 1240 2772 sed
1272 2742 1385 2773 corr.
1502 2727 1597 2772 ἐστῖ
1626 2728 1721 2785 Vp.

50 2785 146 2848 ἤ]
170 2744 283 2835 liud.
307 2805 367 2835 m.
393 2795 420 2835 2
445 2790 500 2835 V.
604 2795 671 2834 19.
705 2791 860 2846 μεῖζον
891 2804 934 2845 v,
969 2788 1051 2832 sed
1076 2802 1189 2832 corr
1295 2792 1365 2832 20.
1399 2788 1507 2846 ΛΖ]
1540 2803 1598 2832 ιιι.
1626 2792 1651 2831 2
1678 2802 1722 2833 v.

53 2849 168 2893 21
197 2850 272 2909 τῇ]
304 2864 364 2894 111.
398 2856 423 2894 2
455 2865 498 2894 v.
644 2854 712 2894 22.
747 2846 973 2893 ἐπιπέδου
1005 2848 1060 2905 V,
1094 2861 1206 2892 corr
1240 2862 1298 2891 m.
1335 2852 1374 2891 1.
1519 2852 1589 2892 23.
1624 2846 1724 2891 ἐπι-

42 2901 270 2989 φιθῆσα
302 2923 345 2966 v,
378 2909 460 2954 sed
490 2923 605 2954 corr.
