1904 3184
0 0 53 155 Ι
582 101 868 146 EucnmIS
901 101 1133 145 oPT1oA.
1637 97 1706 150 31

0 224 176 281 'hatur
228 223 297 276 ab
355 222 512 277 oculo
560 239 597 290 9
650 239 815 291 super
867 225 928 274 et
977 220 1224 276 cathetus
1275 223 1352 288 φὶ.
1452 218 1710 287 quoniam

15 338 145 392 ergo
185 318 383 373 accidit
418 318 602 371 radius
639 318 706 386 qi
751 320 807 370 et
844 316 1165 387 refringitur
1202 317 1226 369 i
1233 334 1294 386 a,
1343 315 1412 368 ad
1457 315 1708 384 aequales

16 415 246 487 angulos
292 413 597 484 repercussi
646 416 818 467 erunt.
909 412 1148 481 aequalis
1194 411 1369 482 igitur
1412 411 1644 482 angulus
1692 416 1713 464 t

16 512 215 584 angulo
248 512 283 581 i,
321 515 379 564 et
414 510 655 580 reliquus
695 527 826 580 ergo
863 509 1089 578 reliqu0.
1153 507 1546 579 aequiangulus
1577 526 1708 579 ergo

0 611 104 680 :39²5
146 608 397 679 trigonus
451 607 553 661 aib
598 606 834 677 trigono.
926 609 1010 658 est
1056 623 1187 676 ergo
1235 605 1378 658 sicut
1420 610 1486 674 915
1535 605 1603 658 ad
1647 607 1710 676 ti,
1771 612 1797 653 5

0 705 95 762 {ita
141 708 196 758 et
242 705 314 758 ab
361 704 430 757 ad
475 705 549 757 bi.
627 704 720 756 sed
759 702 1083 772 quantitatis
1118 707 1185 771 yt
1227 703 1295 756 ad
1334 704 1381 755 ta·
1425 702 1708 772 proportio

16 798 100 858 est
135 806 280 856 nota.
359 805 414 854 et
452 801 527 854 ba
565 818 696 871 ergo
737 800 804 853 ad
842 800 903 852 bi
946 799 1231 869 proportio
1273 803 1356 852 est
1394 803 1540 852 nota.
1617 799 1710 852 sed

4 891 75 996 ‘vi
108 901 254 951 nota.
331 915 462 968 ergo
502 899 558 950 et
596 897 670 949 ba
708 899 790 949 est
826 899 974 948 nota.

131 1113 334 1167 Datam
369 1110 822 1182 profunditatem,
860 1114 1067 1180 quanta
1104 1114 1211 1181 est,
1246 1110 1506 1164 inuenire.

127 1213 245 1264 esto
277 1209 406 1262 data
433 1207 777 1278 profunditas
802 1208 895 1278 ad,
926 1207 1114 1260 oculus
1148 1210 1331 1260 autem
1364 1207 1437 1260 sit
1460 1225 1499 1276 e,
1531 1207 1710 1277 sitque
1744 1216 1799 1256 10

17 1305 360 1381 propositum
415 1320 768 1376 cognoscere,
823 1307 1027 1373 quanta
1081 1304 1167 1357 sit.
1266 1304 1476 1358 accidat
1528 1308 1712 1358 autem

3 1377 63 1435 *³
91 1403 199 1456 ‘us
237 1404 308 1457 ed
344 1402 630 1456 concidens
669 1401 833 1470 plano
874 1402 941 1454 ad
977 1404 1241 1471 punctum
1276 1402 1304 1454 b
1344 1405 1399 1455 et
1435 1401 1712 1472 profundi-

19 1495 123 1558 hfi
162 1499 229 1553 ad
265 1502 530 1569 punctum
559 1499 608 1567 d,
648 1501 704 1550 et
742 1497 1007 1550 adiciatur
1045 1516 1077 1550 a
1113 1500 1316 1567 puncto
1349 1498 1379 1551 b
1415 1498 1475 1550 in
1506 1499 1710 1552 directo

19 1592 58 1682 ᾖ
77 1595 160 1664 bz,
198 1599 254 1649 et
291 1594 541 1648 trahatur
573 1594 641 1648 ab
673 1612 699 1648 e
737 1612 899 1664 super
929 1594 997 1648 ὗε
1036 1594 1284 1648 cathetus
1317 1611 1391 1649 ez.
1455 1596 1712 1665 quoniam

34 1719 63 1761 γ,
115 1710 147 1745 o
178 1708 208 1746 z
237 1695 293 1745 et
323 1710 359 1744 a
390 1691 576 1762 anguli
609 1695 736 1744 sunt
766 1691 1034 1762 aequaleS,
1072 1695 1127 1745 et
1157 1692 1186 1744 b
1219 1695 1409 1745 contra
1440 1711 1497 1745 se
1528 1692 1713 1764 positi,
1744 1699 1798 1740 15

10 1778 123 1865 ’1;
159 1792 215 1842 et
252 1788 448 1842 tertius
488 1788 654 1841 tertio
694 1787 948 1857 aequalis
1026 1806 1190 1857 quare
1238 1788 1445 1859 trigoni
1491 1789 1710 1842 similes,

13 1890 43 1956 [ι
71 1939 73 1942 ,
107 1903 187 1938 ·ra
222 1884 395 1956 igitur
431 1884 877 1954 proportionalia.
939 1887 1023 1938 est
1053 1884 1226 1956 igitur
1257 1884 1399 1938 sicut
1433 1903 1495 1940 ez
1533 1887 1601 1940 ad
1630 1887 1712 1958 ab,

16 2129 21 2149 ⁸
62 2162 73 2223 ἑ
136 2169 177 2209 2.
225 2163 474 2223 aequales]
522 2163 743 2220 eaquales
783 2165 847 2209 D.
1007 2169 1048 2209 4.
1096 2165 1140 2223 i]
1181 2179 1293 2210 eras.
1333 2166 1397 2210 D.
1558 2170 1597 2210 6.
1639 2167 1720 2232 ti]

24 2361 27 2373 l
47 2370 71 2386 ΙΙ
951 2377 977 2380 --
998 2377 1038 2381 .-.
1094 2377 1705 2384 -——-————-——--*--———

44 2384 90 2418 (fi

25 2425 97 2549 ἢ
119 2489 171 2536 Β,
262 2495 302 2535 6.
338 2490 495 2549 ΗΑΒ]
529 2488 628 2549 ηοιβ
660 2505 719 2534 m.
811 2489 883 2549 τό]
915 2498 997 2536 τοῦ
1023 2506 1066 2536 v.
1160 2495 1199 2535 8.
1234 2490 1346 2549 ἄρα]
1380 2506 1520 2549 supra
1546 2506 1630 2536 scr.
1657 2492 1709 2537 B.

28 2551 37 2608 l
72 2547 122 2595 ¹9.
145 2550 246 2610 AB]
270 2554 368 2594 AH
387 2550 464 2593 Bv
487 2551 536 2594 et
557 2550 681 2607 Van,
707 2549 789 2593 sed
814 2564 927 2595 corr.
1023 2555 1091 2596 10.
1122 2551 1230 2609 ΓΘ]
1259 2553 1349 2595 ΓΟ
1371 2552 1460 2596 Bv.
1545 2552 1711 2609 γνώρι-

25 2631 31 2645 ·
135 2608 228 2654 ἐστι
257 2610 466 2654 BVat.v.
613 2614 680 2654 13.
722 2609 791 2668 κ’]
824 2610 905 2654 κα’
940 2610 1074 2655 codd.
1222 2614 1291 2655 14.
1333 2609 1426 2655 ἐστί
1465 2626 1507 2655 v.
1639 2616 1707 2656 15.

26 2648 76 2709 lff⁸
105 2668 167 2726 E,
197 2669 277 2714 καὶ
309 2667 440 2728 δέον]
474 2683 563 2713 om.
595 2668 726 2725 vat„
758 2668 810 2713 τὸ
845 2671 886 2713 Ε
916 2668 1002 2714 ins.
1036 2671 1147 2714 ante
1181 2669 1314 2726 ἔστω,
1347 2670 1428 2715 καὶ
1460 2668 1569 2716 δέον
1600 2673 1711 2729 post

30 2742 123 2802 Ἀθη-’π
162 2742 222 2773 m.
253 2733 295 2774 2.
442 2733 509 2773 16.
544 2726 655 2773 δέον
690 2727 800 2772 ἔστω
833 2728 921 2774 Bv.
1067 2727 1161 2773 ἐστί
1191 2729 1408 2774 Vat.vm,
1551 2735 1620 2775 17.
1653 2737 1709 2789 τῇ

157 2785 310 2847 ἡλίου]
342 2802 431 2832 om.
464 2802 514 2845 v,
554 2803 614 2831 m.
648 2793 674 2831 2
706 2787 814 2831 Vat.
971 2792 1038 2832 18.
1083 2789 1193 2847 EA]
1227 2794 1269 2833 Δ
1301 2788 1409 2834 dub.
1445 2789 1504 2847 B,
1548 2793 1633 2835 EA
1664 2806 1707 2835 v.

139 2881 151 2891 .
179 2845 285 2906 ἑήν]
317 2860 407 2891 om.
438 2862 481 2892 v.
612 2847 715 2906 BZ]
753 2850 832 2891 ZB
864 2847 1071 2892 BVat.v.
1196 2849 1362 2893 εὐθεῖα
1395 2864 1436 2894 v.
1559 2848 1708 2895 κάθε-

147 2918 287 2964 mpra
318 2920 403 2952 scr.
430 2921 491 2951 m.
525 2910 551 2950 2
583 2906 639 2951 V.
