1904 3184
203 90 308 143 146
552 92 904 135 OPTICORUM
933 92 1232 135 RECENSIO
1263 94 1542 136 THEONIS.

180 212 299 283 ,τὰς
346 211 518 274 σκιάς.
596 214 813 281 μείζους
859 209 919 264 δὲ
966 221 1078 265 τῶν
1125 211 1394 282 σωμάτων
1441 214 1503 266 αἰ
1545 216 1700 266 σκιαί
1734 215 1893 283 εἰσιν,

198 301 334 354 ὅταν
372 301 438 353 τὰ
471 304 778 370 φωτίζοντα
816 302 967 371 πυρα
999 300 1269 354 ἐλάσσονα
1300 296 1357 372 ᾗ·
1398 302 1495 365 τὰς
1525 302 1630 373 γὰρ
1666 301 1894 372 ἐσχάτας

198 390 423 453 ἀκτῖνας
464 388 551 443 ἐπὶ
587 391 801 443 τούτων
841 389 1215 454 ε’ξαπλοῦσθαι
1254 393 1545 460 συμβαίνει
1584 389 1676 443 καὶ
1707 394 1892 460 μεῖζον

197 481 258 533 τὸ
300 481 657 549 σκιαζόμενον
688 477 852 549 μέρος
884 478 1189 532 ἀποτελεῖν·
1232 478 1495 532 οὐδέποτε
1535 477 1588 532 δ’
1624 479 1694 532 ἂν
1726 487 1891 533 τοῦτο

137 574 165 615 5
199 567 545 637 συνέβαινεν,
584 568 635 620 εἰ
663 568 735 636 μὴ
767 568 830 620 αἰ
858 566 963 621 ἀπὸ
998 575 1097 620 τοῦ
1136 568 1313 637 πυρὸς
1344 570 1644 638 φερόμεναι
1676 568 1892 631 ἀκτῖνες

197 656 279 711 ἐπ’
317 658 540 719 εὐθείας
576 655 856 726 ἐφέροντο.
920 655 1294 726 ἐκφανέστατα
1327 654 1387 710 δὲ
1420 658 1634 710 τούτων
1664 657 1892 710 πάντων

195 754 359 800 τοῦτο
408 744 495 799 ἐπὶ
542 754 655 798 τῶν
698 755 1147 808 κατασκευαστῶς
1194 745 1502 816 γινομένων
1547 751 1891 817 θεωρεῖσθαι

196 838 504 905 συμβαίνει.
606 835 814 904 λύχνου
869 835 974 905 γὰρ
1031 835 1469 904 ὁπωσὸηποτοῦν
1530 834 1785 905 κειμένου
1841 836 1894 889 εί

193 927 526 994 προστεθειή
567 924 743 997 τούτῳ
779 927 1013 993 πτυχιόν
1045 926 1171 993 ἕχον
1203 922 1468 994 ἐπιτομὴν
1501 929 1701 978 λεπτοῦ
1732 942 1889 996 πριο-

105 1026 162 1065 10
194 1018 345 1083 νίου,
392 1015 531 1067 ὥστε
568 1012 661 1066 καὶ
699 1014 801 1082 ’τὴν
841 1012 1106 1083 ἐπιτομὴν
1151 1014 1289 1066 κατὰ
1327 1012 1496 1084 μέσου
1540 1021 1640 1067 τοῦ
1680 1015 1904 1083 λύχνου,

191 1106 429 1171 πίπτειν,
462 1110 537 1175 τῷ
564 1099 624 1156 δὲ
656 1106 867 1175 πτυχίω
900 1103 1077 1175 τούτῳ
1111 1103 1247 1155 κατὰ
1271 1103 1338 1155 τὰ
1361 1101 1518 1174 ἕτερα
1549 1102 1685 1174 μέρη
1714 1113 1904 1174 παρα-“

192 1195 379 1261 τεθείη
419 1210 653 1262 πτυχιον
694 1196 904 1261 ἔγγιον,
957 1186 1002 1265 ᾧ
1039 1202 1426 1262 προσπεσεῖται
1467 1192 1500 1262 ἡ
1540 1192 1681 1262 αὐγὴ
1720 1191 1754 1260 ἡ
1796 1189 1904 1245 διὰ

192 1290 289 1351 τῆς
352 1280 581 1351 ἐντομῆς
635 1280 937 1352 φερομένη,
998 1280 1218 1344 παντως
1279 1283 1380 1351 τὴν
1432 1267 1904 1392 προσπίπτουσανΙ

194 1371 373 1441 αὐγὴν
442 1379 518 1444 τῷ
579 1374 791 1444 πτυχίφ
854 1371 1101 1434 εὐθείαις
1162 1381 1435 1442 γραμμαῖς
1480 1348 1904 1485 ’περιεχομένηνέ

106 1471 161 1511 15
194 1460 501 1531 εὑρήσομεν
554 1459 646 1513 καὶ
692 1462 794 1530 τὴν
842 1459 1308 1528 ἐπιζευγνύουσαν
1361 1461 1423 1513 τό
1470 1479 1526 1513 τε
1573 1459 1743 1529 μέσον
1787 1444 1904 1576 τούξ

193 1550 402 1620 λύχνου
442 1547 533 1602 καὶ
573 1551 675 1619 τὴν
715 1549 951 1619 ἐντομὴν
989 1557 1089 1603 τοῦ
1128 1552 1363 1618 πτυχίου
1403 1549 1540 1602 κατὰ
1579 1550 1680 1618 τὴν
1713 1528 1904 1618 αὐτὴνῖ.

193 1638 423 1692 εὐθεῖαν
463 1635 653 1693 οὖσαν.

306 1727 574 1798 ἐναργοῦς
610 1725 713 1783 οὖν
752 1747 912 1791 οντος
944 1735 1060 1798 τοῦ,
1100 1729 1183 1782 ὅτι
1215 1735 1327 1781 πᾶν
1359 1737 1479 1797 φῶς
1510 1725 1628 1780 κατ’
1658 1715 1904 1781 εὐθεῖαν)

193 1819 450 1888 γραμμὴν
489 1816 738 1888 φέρεται,
784 1816 876 1871 καὶ
915 1825 1048 1871 πᾶσι
1087 1818 1369 1887 προδήλου
1408 1819 1758 1886 μεταβαίνειν
1798 1805 1904 1924 dub}

103 1915 161 1956 20
192 1908 295 1976 τὴν
334 1906 468 1971 ὄψιν
506 1905 663 1975 ἠξίου
705 1905 796 1960 καὶ
835 1908 932 1971 τας
971 1905 1064 1960 ἀπ’
1101 1907 1271 1976 αὐτῆς
1312 1904 1630 1976 ἐκχεομένας
1662 1892 1904 1970 ἀκτῖνας

191 1994 282 2049 καὶ
315 1995 605 2066 ὁμολογεῖν
636 1995 755 2049 κατ’
791 1996 1015 2060 εὐθείας
1045 1995 1317 2067 φέρεσθαι
1350 1996 1601 2066 γραμμας
1631 1993 1723 2048 καὶ
1754 1995 1889 2048 ταύ-

193 2105 291 2148 τας
330 2085 390 2139 ἐν
430 2087 784 2156 διαστήμασι,
838 2084 930 2139 καὶ
985 2087 1078 2139 δια
1132 2093 1295 2139 τοῦτο
1341 2082 1479 2155 μηδὲ
1525 2085 1592 2138 τὰ
1631 2068 1904 2154 ὁρώμενατῇ

192 2175 302 2244 ἅμα
335 2174 435 2228 ὅλα
467 2175 725 2246 ὁρᾶσθαι,
756 2175 1071 2245 ὑπόμνησιν
1096 2174 1283 2246 φέρων
1307 2175 1591 2242 τοιαύτην·
1622 2159 1904 2255 πολλακιξ]

191 2263 296 2348 γὰρ
343 2266 574 2333 βελόνης
626 2265 661 2333 ἥ
707 2284 858 2328 τινος
911 2266 1167 2318 τοιούτου
1224 2261 1411 2335 ετέρου
1466 2265 1744 2334 σωματίου
1799 2261 1886 2316 ἐκ-

103 2360 160 2400 25
195 2351 454 2422 ριφέντος
501 2355 579 2416 είς
623 2354 684 2407 τὸ
726 2355 931 2423 ἔδαφος
974 2355 1396 2424 φιλοτιμότερόν
1434 2372 1580 2415 τινες
1617 2334 1895 2423 προσεκα-”

190 2445 365 2494 θισαν
403 2461 467 2512 τη
509 2443 720 2510 ζητήσει
767 2440 858 2494 καὶ
897 2443 996 2495 τὸν
1035 2441 1206 2495 αὐτὸν
1243 2444 1415 2495 τόπον
1453 2441 1716 2504 πολλάκις
1755 2439 1884 2510 ἐμα·

191 2543 393 2583 τευσαν
419 2530 649 2593 οὐδενὸς
674 2529 1151 2600 ἐπιπροσθοῦντος
1173 2537 1248 2602 τςό
1269 2528 1577 2602 ζητουμένῳ
1603 2531 1857 2601 σωματίω

1894 1627 1904 1654 s

311 2724 350 2764 2.
386 2718 654 2776 φωτίζωντα
679 2719 734 2776 V,
769 2720 851 2763 sed
881 2734 996 2764 corr.
1121 2724 1160 2765 5.
1196 2717 1468 2794 συμβαίνειν
1499 2735 1543 2776 p.
1636 2718 1730 2786 μή]
1763 2731 1869 2764 corr

191 2792 248 2822 ex
280 2777 330 2835 μί
362 2794 403 2823 v.
558 2784 597 2824 9.
635 2779 750 2837 ἔχων
781 2794 823 2835 v,
858 2780 940 2823 sed
972 2793 1084 2824 corr.
1231 2784 1300 2823 11.
1333 2777 1540 2853 πίπτειν]
1574 2797 1600 2824 ν
1632 2778 1682 2821 in
1712 2793 1800 2823 ras.
1833 2790 1866 2823 v

189 2838 298 2882 add.
331 2854 391 2883 m.
424 2853 512 2883 rec.
547 2839 601 2883 V.
738 2844 806 2883 12.
841 2837 1055 2897 πτυχίον]
1089 2853 1228 2895 supra
1261 2852 1344 2883 scr.
1378 2836 1576 2883 πυκτίον
1606 2853 1666 2884 m
1699 2851 1788 2882 rec,
1820 2833 1867 2883 V

254 2897 434 2954 ἔγγειον
451 2899 506 2956 V,
534 2913 646 2942 corr.
666 2913 726 2942 m.
744 2912 832 2943 reo.
928 2903 995 2943 13.
1030 2897 1206 2950 πάντος
1229 2913 1271 2955 v,
1298 2911 1410 2943 corr
1428 2913 1488 2941 m.
1508 2903 1548 2943 2.
1643 2902 1710 2943 16.
1737 2912 1823 2942 κατ
