1904 3184
0 0 59 160 U
631 136 916 179 Eucmms
949 135 1180 178 οΡΤΙοΑ.
1345 140 1349 143 “
1683 132 1750 184 11

62 256 318 326 quoniam
355 257 530 310 maior
566 257 657 310 zel
693 256 923 326 angulus
965 274 1127 325 quam
1165 255 1257 309 tek
1295 253 1543 325 anguIUS,
1580 254 1755 307 maior

59 363 190 416 ergo
235 345 292 399 al
345 364 508 415 quam
555 345 614 398 tk
668 348 906 414 apparet.
994 344 1169 397 maius
1218 361 1347 414 ergo
1387 343 1463 396 bd
1514 343 1754 412 spatium

57 452 221 503 quam
250 434 309 487 εἰ
346 437 402 486 et
436 432 611 486 maius
642 433 700 486 εἰ
731 451 893 502 quam
925 433 994 485 tk.
1049 451 1162 486 non
1189 432 1302 486 iam
1333 450 1462 503 ergo
1494 431 1754 484 uidebun-

56 526 149 575 tur
168 521 429 592 parallela
453 522 742 575 existentia
766 521 943 591 spatia
967 521 1280 591 aequaliter,
1307 521 1402 574 sed
1423 520 1754 574 uidebuntur

56 610 358 680 inaequalis
395 610 716 663 latitudinis

167 714 228 767 in
258 715 470 768 eleuato
502 714 805 768 iacentibus
831 714 1021 785 spatiis
1047 715 1366 767 demittatur
1390 715 1458 768 ab
1483 733 1519 768 a
1546 718 1751 785 puncto

55 822 219 873 super
250 803 534 857 subiacens
564 803 790 874 planum
821 807 1031 857 catetus
1057 804 1142 857 ab.
1199 807 1433 873 suntque
1459 804 1751 874 parallelae

53 891 134 962 lx,
170 892 262 962 kn,
302 897 395 946 tm.
450 893 587 964 dic07
625 893 882 962 quoniam
915 897 970 946 et
1003 893 1081 946 sic
1111 893 1412 962 inaequalis
1444 893 1750 947 latitudinis

52 985 317 1051 apparent
344 982 407 1051 yl
438 986 493 1035 et
522 1000 593 1036 xe
631 982 1049 1053 magnitudines
1115 982 1366 1035 trahatur
1397 983 1543 1036 enim
1573 983 1752 1036 cathe-

24 1073 143 1123 ‘tus
184 1089 216 1123 a
252 1074 455 1139 puncto
496 1071 525 1124 b
572 1090 734 1141 super
772 1071 834 1124 lx
871 1072 953 1142 br,
1000 1075 1054 1124 et
1094 1072 1355 1125 educatur
1394 1072 1462 1124 br
1508 1090 1669 1142 super
1706 1090 1751 1143 o,

52 1162 111 1212 et
141 1159 389 1212 accidant
418 1160 555 1212 radii
586 1160 663 1230 al,
701 1160 791 1230 ak,
827 1164 906 1231 at,
936 1178 1028 1230 ax,
1061 1178 1154 1231 an,
1184 1178 1294 1213 am.
1350 1159 1751 1231 conjungantur

48 1266 139 1317 ar,
179 1266 269 1318 ap,
308 1266 393 1302 ao.
457 1249 714 1319 quoniam
753 1268 883 1320 ergo
924 1250 993 1302 ab
1033 1249 1244 1302 eleuato
1279 1253 1483 1319 puncto
1515 1267 1551 1302 a
1589 1269 1751 1320 super

46 1336 115 1390 lx
151 1337 441 1391 coniuncta
479 1342 562 1391 est
592 1341 741 1391 recta
771 1356 856 1408 ar,
894 1338 1066 1409 igitur
1095 1356 1168 1391 ar
1207 1356 1368 1407 super
1399 1338 1461 1391 lx
1500 1339 1748 1393 cathetus

54 1430 110 1480 et
147 1443 219 1479 ao
259 1445 421 1497 super
460 1432 538 1480 tm
577 1431 632 1480 et
671 1445 747 1496 ap
787 1446 948 1496 super
975 1445 1078 1496 pn.
1142 1427 1417 1498 ortogonii
1456 1446 1586 1498 ergo
1619 1432 1748 1481 sunt

45 1533 168 1570 arx
205 1519 260 1569 et
292 1535 414 1584 apn
451 1520 506 1570 et
537 1535 670 1571 aom
700 1516 943 1588 trigonii.
1006 1516 1263 1586 quonjam
1296 1517 1572 1588 ortogonii
1605 1521 1748 1588 sunt,

49 1609 109 1659 et
146 1610 230 1659 est
269 1606 486 1676 quidem
514 1624 604 1674 pn
643 1606 693 1659 ei
733 1624 868 1675 quae
905 1609 989 1659 est
1026 1623 1100 1659 rx
1138 1605 1400 1676 aequalis,
1435 1624 1524 1674 pa
1561 1610 1742 1660 autem

28 1713 212 1764 „quam
244 1714 316 1748 ar
352 1695 540 1764 maior,
579 1694 754 1748 maior
792 1712 922 1766 ergo
955 1695 1186 1766 angulus
1218 1712 1336 1747 raoe
1375 1695 1575 1765 angulo
1597 1713 1745 1763 pan.

47 1784 223 1837 maius
270 1803 399 1856 ergo
446 1784 722 1837 uidebitur
765 1802 839 1837 ra:
886 1802 1049 1853 quam
1084 1802 1186 1852 pn.
1265 1783 1516 1837 similiter
1563 1787 1746 1838 autem

31 1861 105 1965 {et
150 1873 206 1926 lr
252 1893 415 1943 quam
451 1874 546 1941 pk.
640 1877 818 1927 totum
875 1891 1004 1945 ergo
1053 1874 1116 1926 lx
1168 1877 1289 1926 toto
1337 1873 1415 1926 lm
1468 1872 1746 1926 uidebitur

32 1962 235 2019 'ma-ius,
311 1962 612 2032 inaequalis
660 1980 790 2034 ergo
837 1962 1145 2016 latitudinis
1194 1966 1248 2016 et
1295 1962 1373 2016 sic
1412 1962 1742 2015 uidebuntur

0 2035 464 2132 ff’pnagnitudines.

167 2320 232 2360 10.
266 2316 311 2375 o]
340 2331 428 2373 pro
460 2330 499 2371 o,
532 2322 583 2361 ut
613 2317 811 2371 uidetwr,
841 2330 1013 2373 semper
1043 2331 1066 2361 c
1097 2317 1198 2361 hab.
1223 2316 1287 2361 D.
1395 2320 1462 2360 13.
1499 2316 1572 2374 lx]
1596 2329 1740 2373 supra

0 2389 24 2438 ³1-
35 2382 129 2461 {sor
160 2376 223 2419 D.

39 2592 50 2622 1

0 2651 31 2682 ι.
58 2639 63 2643 ’
88 2638 130 2684 'v
159 2654 218 2684 m.
345 2644 412 2685 18.
445 2642 554 2700 AO]
586 2643 677 2686 ΑΘ
708 2641 797 2685 Bv.
923 2646 989 2686 19.
1025 2643 1254 2698 μετεώρου
1287 2643 1375 2686 Bv.
1471 2640 1738 2696 ἐπέζευκται

0 2715 50 2758 '‘.,-
134 2703 203 2744 20.
239 2700 353 2759 ΡΞ]
395 2714 483 2745 0111.
515 2716 575 2745 111.
729 2705 799 2744 21.
843 2700 937 2745 ἐστι
967 2716 1026 2746 m.
1182 2703 1312 2760 HN]
1348 2704 1458 2745 NH
1482 2717 1541 2746 m.
1665 2707 1735 2747 22.

140 2759 338 2816 ογώνιον
368 2774 428 2804 m.
564 2758 643 2819 τά]
675 2759 727 2803 τό
758 2775 817 2804 m.
955 2765 1025 2806 23.
1061 2760 1203 2820 ἐστιν]
1237 2761 1332 2805 ἐστι
1363 2776 1403 2806 v.
1536 2766 1605 2807 24.
1639 2761 1736 2819 μεί-

71 2866 74 2868 ,
156 2819 293 2892 “ςΡ1·.)]
340 2832 453 2863 corr.
503 2832 559 2863 ex
607 2817 745 2875 μέρος
791 2819 844 2863 V.
998 2823 1067 2864 25.
1119 2823 1206 2864 HA
1220 2821 1292 2879 Ν]
1343 2828 1435 2865 τῶν
1485 2823 1640 2866 ΠΑΝ
1680 2822 1734 2866 V.

62 2878 67 2883 ’
104 2879 267 2933 μειζων
299 2893 339 2923 v.
477 2882 548 2922 26.
586 2879 686 2938 PA]
720 2882 811 2923 ΛΡ
844 2879 931 2923 Bv.
1073 2881 1195 2938 HK]
1230 2882 1333 2924 KH
1361 2895 1419 2924 m.
1559 2882 1734 2940 μεῖζον]

125 2971 135 2980 .
166 2936 255 2982 Bv.
370 2936 470 2982 Hoc
501 2937 605 2983 loco
638 2951 790 2982 errore
822 2937 942 2981 nihil
975 2952 1000 2982 e
1031 2939 1137 2984 Vat.
1173 2939 1377 2984 enotaui.

1784 1084 1839 1124 10

1781 1529 1835 1570 15

1775 1974 1831 2014 20
