1904 3184
701 127 1085 171 CATOPTRIOA.
1627 127 1736 181 315

38 248 223 298 autem
262 248 375 298 BA
422 246 490 298 ad
535 250 590 299 A
634 246 923 318 refractuS,
976 252 1030 301 et
1070 252 1321 302 cernatur
1360 254 1436 319 A,
1489 252 1737 303 centrum

37 337 223 387 autem
262 333 521 403 sphaerae
561 335 633 388 sit
676 339 736 406 Z,
775 340 830 389 et
869 337 1097 390 ducatur
1135 342 1263 408 AZ,
1300 338 1735 408 producaturque

1015 427 1195 480 radius
1220 431 1326 481 BA
1350 428 1417 481 ad
1441 431 1504 481 E.
1550 428 1734 497 itaque

1017 515 1273 583 quoniam
1311 516 1369 569 in
1406 517 1735 587 phaenome-

1013 604 1099 657 nis
1140 606 1483 675 suppositum
1527 603 1633 676 est,
1688 608 1743 659 Γ

1013 693 1134 747 loco
1161 699 1424 764 occupato
1452 713 1564 748 non
1588 695 1734 749 cerni

1014 787 1082 852 A,
1097 782 1156 834 in
1171 787 1321 836 recta
1337 789 1391 837 A
1402 787 1455 838 Γ
1470 785 1735 854 producta

1013 875 1283 942 cernetur,
1329 874 1425 926 ubi
1467 877 1592 944 BA,
1624 879 1678 928 A
1689 877 1744 928 Γ

1013 966 1366 1032 concurrunt,
1419 963 1626 1018 scilicet
1674 964 1732 1018 in

1011 1052 1083 1119 E,
1123 1050 1264 1104 sicut
1301 1051 1359 1104 in
1397 1052 1589 1121 planis.

841 1182 923 1236 18.

144 1264 208 1318 In
239 1267 471 1336 speculis
504 1269 757 1322 concauis
792 1272 986 1342 omnia,
1027 1290 1163 1342 quae
1196 1279 1505 1347 cernuntur,
1547 1296 1730 1332 secun-

31 1355 161 1409 dum
192 1360 397 1410 rectam
429 1357 497 1409 ab
531 1376 609 1426 ec,
644 1359 788 1427 quod
813 1361 1066 1431 cernitur,
1100 1363 1167 1416 ad
1191 1367 1434 1418 centrum
1471 1367 1730 1436 sphaerae

390 1486 450 1525 Γ
748 1449 966 1503 ductam
1007 1456 1312 1506 cernuntur.

609 1582 653 1635 Δ
859 1539 932 1592 sit
965 1542 1067 1593 ΓΔ
1105 1542 1382 1612 speculum
1415 1562 1731 1617 concauum,
1790 1545 1793 1547 ’

753 1628 935 1682 radius
976 1633 1160 1683 autem
1199 1634 1313 1684 ΒΓ
1354 1633 1421 1685 ad
1460 1639 1536 1704 A,
1584 1635 1729 1704 quod

749 1718 1014 1789 cernitur,
1095 1719 1388 1792 refractUS,
1468 1723 1726 1792 sphaerae

747 1811 929 1860 autem
965 1811 1212 1862 centrum
1251 1810 1324 1863 sit
1362 1814 1434 1879 E,
1473 1816 1528 1865 et
1566 1813 1633 1866 ab
1674 1819 1729 1867 A

747 1897 814 1949 ad
874 1901 927 1950 E
987 1901 1136 1951 recta
1197 1900 1424 1953 ducatur
1485 1905 1540 1955 et
1600 1921 1727 1972 pro-

746 1987 987 2040 ducatur.
1018 1987 1203 2057 itaque
1221 1989 1478 2058 quoniam
1493 1990 1553 2043 in
1567 1991 1729 2060 phae-

744 2077 992 2130 nomenis
1049 2078 1390 2148 suppositum
1445 2083 1550 2149 est,
1603 2080 1725 2134 loco

131 2171 395 2237 occupato
449 2185 561 2220 non
608 2165 755 2221 cerni
802 2171 878 2237 A,
929 2166 1008 2219 ita
1054 2170 1116 2220 ut
1161 2168 1466 2221 necessario
1513 2168 1572 2221 in
1613 2174 1730 2223 AE

67 2255 292 2308 roducta
346 2256 625 2327 adpareat,
677 2256 736 2308 in
781 2259 984 2326 puncto
1034 2274 1327 2309 concursus
1381 2261 1561 2311 rectae
1609 2262 1726 2312 AA

27 2333 269 2420 mique
308 2348 422 2398 ΒΓ
453 2350 722 2414 cernetur,
761 2345 812 2397 h.
845 2363 887 2398 e.
926 2345 986 2397 in
1026 2349 1086 2398 Z.

837 2479 918 2531 19.

29 2547 31 2632 ἶ
60 2616 62 2618 ,
145 2564 210 2619 In
242 2569 474 2637 speculis
498 2568 675 2639 planis
707 2572 890 2638 partes
916 2568 1134 2620 dextrae
1168 2567 1419 2621 sinistrae
1452 2569 1729 2639 adparent,

29 2651 283 2710 sinistrae
322 2662 504 2711 autem
552 2658 794 2727 dextrae,
840 2657 1129 2727 imagoque
1170 2656 1241 2725 ei,
1290 2657 1433 2727 quod
1473 2658 1726 2730 cernitur,

30 2745 292 2816 nequaIiS,
330 2751 385 2799 et
423 2746 683 2800 distantia
722 2766 753 2798 a
793 2745 1012 2814 speculo
1053 2745 1292 2814 aequalis
1331 2749 1427 2799 est.

31 2856 171 2942 hipra
200 2890 285 2921 scr.
319 2892 378 2923 m.
482 2878 534 2923 τό
552 2878 692 2936 (alt.)]
727 2875 751 2922 ὃ
784 2875 947 2982 &neget
978 2878 1029 2922 τὸ
1064 2876 1257 2922 εἴδωλον
1290 2892 1348 2922 m,
1473 2882 1541 2922 24.
1577 2876 1720 2938 ἐστίν]

32 2927 125 3004 “12
151 2939 215 2994 τῷ
245 2936 555 2995 ἀποστήματι,
589 2935 614 2982 ὃ
646 2935 810 2995 ἀπέχει
839 2954 864 2981 τ
925 2937 1162 2993 ὁρώμενον
1194 2952 1253 2981 m.
