1904 3184
102 1059 156 1099 10

98 1504 152 1543 15

93 1948 151 1989 ‘20

191 96 301 150 334
821 130 827 137 .
848 99 1234 143 CATOPTRICA.

192 217 250 271 ἐκ
287 225 387 271 τοῦ
425 216 658 288 κέντρου
698 216 786 270 ἐπὶ
822 225 919 287 τῆς
957 223 1079 272 ΑΔ.
1147 217 1262 272 ἐπεὶ
1300 216 1404 274 οὖν
1444 225 1534 288 ἴση
1574 220 1608 289 ἡ
1646 216 1746 290 μὲν
1778 223 1890 272 ΒΓ

189 315 256 378 τῇ
294 311 424 376 ΒΖ,
471 306 505 375 ἡ
547 304 608 359 δὲ
648 309 753 359 ΓΘ
797 315 862 377 τῇ
904 299 1034 376 ΖΘ,
1078 308 1426 378 παράλληλος
1471 307 1540 361 ἂν
1582 313 1664 377 εἴη
1705 308 1738 376 ἡ
1778 311 1891 361 ΒΓ

190 405 256 466 τῇ
298 399 416 448 ΖΘ.
502 395 603 448 οὐκ
649 397 756 465 ἄρα
794 406 1146 465 συμπεσεῖται
1186 397 1218 466 ἡ
1259 399 1372 450 ΒΓ
1415 395 1544 461 ὄψις
1581 406 1646 468 τῇ
1686 397 1744 451 ἐκ
1783 405 1882 450 τοῦ

190 483 423 556 κέντρου
456 483 543 537 ἐπὶ
573 485 635 538 τὸ
668 485 967 556 ὁρώμενον,
998 484 1247 539 τουτέστι
1277 493 1341 556 τῇ
1377 490 1498 554 ΖΘ,
1531 484 1619 539 ἐπὶ
1649 487 1716 539 τὰ
1747 490 1810 554 Θ,
1838 489 1892 539 Γ

189 572 341 645 μέρη.
418 575 556 627 ὥστε
603 574 670 627 οὐ
717 576 973 643 φαίνεται
1019 575 1081 628 τὸ
1126 578 1173 627 Θ
1218 573 1388 644 ὄμμα·
1444 575 1580 628 κατὰ
1627 575 1731 645 γὰρ
1780 577 1880 645 τὴν

189 664 475 733 συμβολὴν
515 662 772 732 ἐφαίνετο
812 672 923 716 τῶν
965 666 1086 732 ΒΓ,
1121 667 1242 717 ΖΘ.

300 784 437 835 ἔστω
483 781 652 835 πάλιν
698 782 765 835 τὰ
811 782 974 850 αὐτά,
1028 789 1124 851 τῆς
1170 779 1231 835 δὲ
1271 782 1587 852 διχοτομίας
1626 781 1879 853 ἀνωτέρω

187 872 395 923 κείσθω
434 870 500 922 τὰ
539 867 753 939 ὄμματα
791 870 859 924 τὰ
890 873 956 939 Β,
991 872 1044 923 Γ
1075 875 1198 923 ἴσον
1236 869 1507 940 ἀπέχοντα
1545 879 1641 939 τῆς
1681 870 1740 924 ἐκ
1778 879 1877 924 τοῦ

187 959 419 1030 κέντρου
457 966 554 1028 τῆς
587 963 709 1012 ZA.
772 957 913 1030 φημὶ
953 960 1022 1029 δὴ
1061 962 1365 1029 φαίνεσθαι
1404 961 1470 1013 τά
1503 964 1567 1029 Β,
1601 963 1655 1013 Γ
1683 959 1775 1013 καὶ
1813 962 1879 1014 τὰ

190 1047 340 1112 δεξιὰ
379 1048 639 1119 ἀριστερὰ
683 1046 775 1101 καὶ
814 1049 880 1102 τὰ
919 1047 1180 1119 ἀριστερὰ
1219 1048 1370 1113 δεξιὰ
1415 1048 1506 1103 καὶ
1544 1051 1606 1103 τὸ
1646 1050 1878 1115 εἴδωλον

186 1141 371 1207 μεῖζον
415 1145 515 1190 τοῦ
561 1139 862 1207 προσώπου
915 1136 1007 1191 καὶ
1053 1139 1115 1191 τὸ
1164 1137 1448 1213 ἀπόστημα
1499 1138 1604 1192 ἀπὸ
1652 1145 1751 1191 τοῦ
1792 1138 1876 1191 ε’ν-

188 1229 395 1297 όπτρου
435 1229 561 1295 ἔχον
599 1229 782 1295 μεῖζον
821 1227 882 1279 τὸ
923 1227 1170 1280 εἴδωλον.
1233 1229 1369 1280 ἔστω
1410 1228 1515 1298 γὰρ
1547 1227 1580 1295 ἡ
1613 1231 1716 1280 BA
1751 1225 1878 1290 ὄψις

187 1314 562 1385 ἀνακλωμένη,
601 1314 692 1368 καὶ
724 1315 1139 1385 ἐπεζεύχθωσαν
1170 1315 1276 1371 ἀπὸ
1308 1324 1408 1370 τοῦ
1443 1321 1487 1369 Ζ
1526 1315 1757 1387 κέντρου
1790 1315 1904 1370 ε’πὶ’

185 1405 251 1458 τὰ
283 1407 348 1474 Β,
375 1407 428 1458 Γ
457 1405 519 1457 αἱ
548 1408 669 1473 ΖΒ,
703 1407 820 1473 ΖΓ,
859 1403 949 1458 καὶ
989 1404 1341 1475 ἐκβεβλήσθω
1381 1406 1415 1475 ἡ
1446 1409 1564 1459 ΒΑ.
1627 1404 1741 1459 ἐπεὶ
1773 1402 1877 1459 οὖν

186 1494 473 1563 διχοτομία
514 1493 626 1547 ἐστὶ
665 1495 727 1547 τὸ
760 1498 832 1563 Ν,
872 1497 1068 1563 μείζων
1108 1493 1258 1548 ἐστὶν
1296 1495 1330 1564 ἡ
1370 1499 1474 1547 ΒΖ
1514 1502 1609 1564 τῆς
1644 1499 1747 1548 BA
1785 1494 1876 1547 καὶ

185 1583 218 1652 ἡ
257 1586 316 1635 Κ
356 1586 531 1651 γωνία
577 1591 672 1652 τῆς
717 1587 780 1636 Ε.
875 1588 964 1651 ἴση
1011 1580 1071 1636 δὲ
1117 1582 1150 1651 ἡ
1196 1586 1252 1636 K
1293 1592 1358 1654 τῇ
1397 1588 1472 1636 Δ·
1527 1587 1724 1653 μείζων
1769 1586 1875 1654 ἄρα

183 1670 275 1725 καὶ
321 1671 354 1740 ἡ
394 1677 450 1725 Δ
496 1680 590 1741 τῆς
629 1676 691 1725 Ε.
769 1679 1179 1741 συμπεσοῦνται
1224 1674 1330 1743 ἄρα
1378 1674 1440 1725 αἱ
1478 1677 1604 1741 ΖΒ,
1645 1676 1744 1726 ΓΑ
1790 1674 1874 1727 ἐκ-

183 1764 490 1830 βληθεῖσαι.
568 1760 1025 1830 συμπιπτέτωσαν
1070 1763 1205 1814 κατὰ
1248 1763 1309 1814 τὸ
1349 1766 1421 1814 Π.
1499 1763 1591 1815 διὰ
1630 1763 1696 1815 τὰ
1735 1763 1875 1815 αὐτὰ

184 1851 253 1919 δὴ
285 1848 374 1902 καὶ
408 1851 470 1903 αί
497 1854 616 1918 ΒΑ,
644 1853 754 1903 ΖΓ
777 1858 1185 1919 συμπεσοῦνται
1210 1852 1347 1904 κατὰ
1371 1853 1432 1905 τὸ
1461 1855 1521 1904 Θ.
1562 1852 1871 1921 ὀφθήσεται

182 1940 289 2010 ἄρα
335 1940 396 1992 τὸ
443 1936 543 2009 μὲν
584 1942 638 1992 Γ
675 1937 762 1992 ἐπὶ
807 1946 906 1992 τοῦ
950 1943 1020 2008 Θ,
1075 1940 1136 1993 τὸ
1184 1937 1245 1993 δὲ
1283 1944 1330 1993 Β
1378 1939 1466 1993 ἐπὶ
1509 1948 1607 1993 τοῦ
1647 1945 1726 2009 Π,
1780 1939 1872 1994 καὶ

182 2030 437 2098 φαίνεται
476 2028 542 2082 τὰ
581 2025 680 2096 μὲν
720 2027 869 2092 δεξιὰ
908 2027 1184 2099 ἀριστερά,
1223 2030 1289 2082 τὰ
1322 2026 1382 2082 δὲ
1415 2028 1673 2101 ἀριστερὰ
1705 2028 1904 2093 δεξιοί..

181 2117 319 2171 ἀλλὰ
358 2119 466 2187 μὴν
504 2115 595 2170 καὶ
634 2120 831 2186 μείζων
869 2116 902 2185 ἡ
940 2121 1059 2171 ΘΠ
1090 2126 1185 2187 τῆς
1216 2121 1347 2171 ΒΓ·
1387 2119 1727 2189 παράλληλοι
1766 2117 1904 2194 γάρξ1

301 2371 341 2410 1.
374 2364 476 2425 ἐπί]
510 2380 598 2410 om.
631 2381 690 2410 m.
823 2368 924 2425 τῆς]
955 2366 1014 2411 τά
1044 2368 1106 2411 Μ.
1245 2367 1339 2426 ἴση]
1373 2366 1446 2424 ἴση
1481 2365 1602 2412 ἐστίν
1634 2383 1693 2411 m.
1827 2374 1866 2414 2.
1894 2398 1900 2407 ι

169 2427 400 2497 τῇ(11131·.)]
432 2433 513 2483 τῆς
543 2426 605 2471 Μ.
698 2425 822 2470 Post.
850 2424 902 2470 δέ
934 2426 1024 2471 del.
1050 2426 1101 2471 τό
1125 2442 1167 2471 v.
1265 2429 1374 2486 ΖΘ]
1410 2430 1494 2471 ΓΖ
1516 2442 1575 2471 m.
1670 2436 1708 2471 4.
1735 2444 1866 2471 τουτ-

182 2483 303 2530 έστιν
333 2485 389 2541 V,
439 2499 586 2541 comp.
619 2500 660 2528 v.
818 2487 923 2544 ΖΘ]
961 2489 1100 2531 ΖΘΕ
1130 2487 1191 2531 Μ.
1346 2493 1384 2531 6.
1402 2487 1538 2562 τῶν]
1571 2500 1683 2530 corr.
1718 2501 1773 2530 ex
1805 2503 1866 2531 τω

179 2560 238 2589 m.
274 2550 297 2588 1
330 2544 384 2588 V.
532 2551 571 2589 7.
605 2544 692 2588 κθ
717 2559 778 2600 m,
810 2545 877 2598 λζ’
904 2545 997 2589 Vv.
1144 2551 1212 2590 11.
1254 2545 1368 2604 ἀπό]
1401 2543 1425 2590 ὃ
1457 2543 1622 2603 ἀπέχει
1651 2545 1702 2590 τὸ
1736 2545 1866 2590 εἴδω-

179 2606 261 2648 λον
292 2619 352 2648 m
452 2608 519 2647 12.
557 2603 682 2681 ἔχον]
716 2618 829 2648 corr.
864 2618 919 2647 ex
954 2604 1068 2679 ἔχων
1100 2620 1142 2662 v,
1177 2620 1264 2650 om.
1297 2621 1357 2650 m.
1450 2605 1502 2649 τὸ
1535 2604 1749 2679 εἴδωλον]
1783 2612 1865 2649 τοῦ

179 2661 605 2719 ἀποστήματος,οὗ
637 2661 800 2721 ἀπέχει
829 2663 882 2707 τὸ
914 2663 1164 2720 πρόσωπον
1194 2680 1255 2709 m.
1365 2669 1432 2708 15.
1468 2662 1588 2722 ἐστί]
1623 2662 1746 2709 ἐστίν
1770 2665 1863 2708 Vv.

240 2724 315 2780 N]
350 2722 573 2767 HMvm
666 2724 820 2778 μεῑζον
852 2738 893 2767 v.
988 2725 1091 2782 ΒΖ]
1128 2727 1208 2769 ΖΒ
1240 2725 1357 2768 Mm
1452 2728 1520 2767 16.
1554 2725 1744 2799 Κῴη]
1771 2723 1904 2796 62163

179 2785 399 2825 BAZm.
525 2783 592 2840 E]
626 2782 716 2826 ὑπὸ
751 2785 971 2827 BZAm.
1115 2783 1451 2840 ἡΚ(3.11;.)-
1488 2787 1556 2827 17.
1592 2784 1684 2857 Ε]
1692 2790 1747 2841 τῇ
1779 2798 1904 2846 μεν
1902 2792 1904 2798 ”

178 2841 269 2884 ὑπὸ
304 2843 434 2884 BAZ
463 2841 492 2898 ἡ
525 2841 616 2885 ὑπὸ
654 2844 799 2897 ΓΑΖ,
831 2848 886 2900 τῇ
918 2839 970 2886 δε
1001 2842 1093 2886 ὑπὸ
1127 2846 1255 2886 BZA
1285 2843 1315 2899 ἡ
1347 2842 1438 2886 ὑπὸ
1474 2845 1624 2899 ΓΖΛ,
1658 2841 1738 2898 ὅλη
1771 2841 1864 2897 ἄρα

177 2899 206 2956 ἡ
239 2900 330 2943 ὑπὸ
357 2903 494 2944 ΒΑΓ
520 2898 627 2957 όλης
657 2907 738 2957 τῆς
768 2901 859 2945 ὑπὸ
886 2905 1023 2945 ΒΖΓ
1049 2899 1213 2957 μείζων
1247 2899 1339 2946 ἐστί
1369 2902 1714 2960 111.16.τῇ]
1749 2915 1863 2946 corr.
1902 2944 1904 2954 ,
