1904 3184
114 1002 168 1041 10

112 1447 166 1487 15

111 1892 167 1932 20

111 2338 168 2378 25

201 52 312 105 274
913 54 1175 97 senone.

203 174 318 227 ἐστι
361 174 500 244 πρὸς
545 174 643 226 τὸν
688 174 907 226 κύκλον.
983 173 1044 226 ἓν
1091 170 1152 226 δὲ
1198 182 1310 227 τῶν
1357 175 1450 226 διὰ
1497 182 1593 243 τῆς
1631 178 1734 228 ΒΛ
1776 175 1892 229 ἐπι-

200 261 385 316 πέδων
424 260 538 315 ἐστὶ
577 263 638 315 τὸ
670 265 829 315 ΒΑΛ
867 264 1164 332 τρίγωνον·
1203 261 1295 315 καὶ
1333 264 1395 316 τὸ
1434 266 1593 316 BAA
1631 265 1739 335 ἄρα
1776 254 1904 335 τοί-Ξ

201 371 385 420 γωνον
423 351 603 420 ὀρθόν
642 349 756 404 ἐστι
793 352 932 419 πρὸς
969 352 1031 404 τὸ
1070 358 1170 403 τοῦ
1209 351 1417 404 κύκλου
1457 351 1732 406 ἐπίπεδον.
1800 350 1904 406 καὶῐ

201 449 267 511 τῇ
305 448 465 510 κοινῇ
511 448 624 492 τῶν
663 438 938 493 ἐπιπέδων
983 440 1122 510 πρὸς
1161 439 1339 510 ὀρθὰς
1383 436 1543 508 ἦκται
1586 440 1618 509 ἡ
1659 445 1795 494 ΑΜ
1833 441 1904 495 ἐνί

202 537 276 602 τῷ
325 536 425 581 τοῦ
464 529 672 582 κύκλου
721 527 978 600 ἐπιπέδῳ·
1034 527 1067 596 ἡ
1107 531 1238 581 AM
1283 530 1390 598 ἄρα
1436 530 1574 599 πρὸς
1619 531 1680 583 τὸ
1720 533 1904 588 BAA}

202 619 463 672 ἐπίπεδον
502 616 648 687 ὀρθή
688 616 852 670 ἐστιν.
925 615 1018 670 καὶ
1056 618 1195 686 πρὸς
1232 617 1410 680 πάσας
1448 619 1555 688 ἄρα
1594 619 1690 682 τὰς
1729 600 1904 676 ἁπτο-ιῖ

199 706 367 777 μένας
398 706 583 775 αὐτῆς,
616 707 785 770 ούσας
816 703 930 760 δὲ’
902 727 962 760 εν
986 714 1062 778 τῷ
1087 709 1245 758 ΒΑΛ
1276 705 1533 778 ἐπιπέδῳ,
1565 706 1712 778 ὀρθή
1744 700 1904 780 ἐστινῇ

199 797 232 865 ἡ
272 799 407 849 MA.
485 796 623 848 ὥστε
661 793 754 848 καὶ
791 795 930 866 πρὸς
967 796 1069 863 τὴν
1109 798 1219 847 ΑΒ
1258 794 1406 865 ὀρθή
1446 795 1610 849 ἐστιν.

312 902 398 954 64.
452 897 564 952 Καὶ
603 899 741 967 αὕτη
773 896 873 968 μὲν
905 899 938 968 ἡ
972 898 1266 968 ἀπόδειξις,
1305 901 1356 952 εἰ
1383 901 1515 969 μήτε
1546 901 1685 971 πρὸς
1716 870 1904 974 ὀρθοὶςξι

200 991 234 1060 ἡ
273 994 385 1043 EA
431 997 498 1059 τῇ
539 991 638 1041 ΓΑ
677 989 906 1059 διαχθῇ·
961 990 1082 1042 τότε
1122 988 1226 1059 γὰρ
1271 987 1378 1042 ἀπὸ
1417 995 1517 1042 τοῦ
1559 992 1613 1043 Γ
1658 987 1746 1043 ἐπὶ
1791 979 1904 1059 τὴνξ

200 1085 255 1133 A
264 1083 317 1132 E
353 1078 583 1132 εὐθεῖαν
622 1077 912 1147 δυνάμεθα
950 1077 1192 1130 κάθετον
1231 1075 1458 1146 ἀγαγεῖν
1496 1080 1598 1147 τὴν
1638 1081 1764 1148 ΓΖ,
1802 1062 1904 1159 καὶῆ

199 1169 375 1231 οὕτως
421 1166 454 1235 ἡ
504 1165 781 1230 ἀπόδειξις
833 1176 1126 1237 προχωρεῖ.
1218 1168 1270 1219 εἰ
1313 1164 1374 1220 δὲ
1420 1166 1453 1235 ἡ
1501 1171 1613 1220 EA
1659 1167 1861 1221 κάθετο

200 1255 288 1311 ἐπὶ
334 1258 436 1326 τὴν
478 1258 577 1308 ΓΑ
624 1256 855 1327 διαχθῇ,
903 1256 1257 1325 δειχθήσεται
1300 1255 1469 1309 πάλιν
1514 1255 1547 1323 ἡ
1586 1255 1694 1309 ὑπὸ
1734 1259 1838 1309 BA

198 1349 374 1416 γωνία
412 1354 509 1415 τῆς
538 1344 647 1398 ὑπὸ
678 1348 843 1398 ΒΑΕ
879 1343 1118 1398 ἐλάττων
1149 1351 1350 1398 τοῦτον
1380 1346 1478 1398 τὸν
1509 1346 1737 1415 τρόπον·
1778 1344 1869 1398 ἐπε

199 1435 232 1505 ἡ
275 1438 386 1489 ΒΓ
423 1435 571 1504 ὀρθή
611 1433 726 1488 ἐστι
771 1435 910 1506 πρὸς
954 1436 1016 1487 τὸ
1063 1433 1429 1503 ὑποκείμενον
1469 1433 1752 1502 ἐπίπεδον,
1798 1453 1867 1487 κα

198 1525 377 1579 πάντα
430 1525 537 1594 ἄρα
591 1524 658 1576 τὰ
713 1521 788 1576 δι’
839 1523 1007 1592 αὐτῆς
1057 1522 1286 1577 ἐπίπεδα
1332 1530 1406 1595 τῷ
1455 1522 1605 1595 αὐτῷ
1653 1521 1864 1595 ἐπιπέδ,

197 1615 335 1685 πρὸς
381 1613 560 1683 ὀρθὰς
607 1614 773 1666 ἔσται.
859 1613 997 1665 ὥστε
1042 1610 1135 1664 καὶ
1180 1612 1241 1665 τὸ
1288 1614 1447 1664 ΒΓΑ
1494 1613 1768 1682 τρίγωνον
1814 1631 1865 1683 τ’

199 1708 310 1757 EA
347 1704 530 1775 κύκλῳ
569 1703 708 1772 πρὸς
746 1701 924 1773 ὀρθὰς
959 1703 1125 1754 ἔσται.
1187 1699 1302 1754 ἐπεὶ
1342 1697 1446 1755 οὗν
1484 1701 1545 1753 τὸ
1581 1703 1736 1754 ΓΑΒ
1776 1702 1870 1769 τρί

199 1812 383 1861 γωνον
421 1799 497 1864 τῷ
529 1792 712 1863 κύκλῳ
752 1791 889 1861 πρὸς
920 1789 1099 1860 ὀρθάς
1138 1788 1252 1842 ἐστι
1290 1787 1382 1842 καὶ
1418 1795 1483 1858 τῇ
1513 1797 1672 1859 κοινῇ
1706 1789 1853 1842 αὐτῶ

200 1890 337 1952 τομῇ
377 1880 410 1949 ἡ
451 1885 563 1934 EA
603 1880 663 1933 ἐν
703 1878 785 1932 ἑνὶ
826 1888 938 1932 τῶν
978 1877 1274 1947 ἐπιπέδων,
1318 1878 1351 1947 ἡ
1390 1881 1502 1930 EA
1541 1879 1646 1947 ἄρα
1684 1875 1776 1930 καὶ
1814 1897 1866 1950 τ,

198 1973 374 2025 ΑΒΓ
406 1970 659 2042 τριγώνῳ
698 1970 837 2038 πρὸς
867 1968 1045 2039 ὀρθὰς
1077 1970 1250 2022 ἔσται·
1288 1965 1380 2020 καὶ
1410 1967 1550 2038 πρὸς
1579 1966 1757 2029 πάσας
1784 1967 1852 2037 ἄρ

199 2061 295 2124 τὰς
339 2057 647 2129 ἁπτομένας
693 2058 861 2127 αὐτῆς
906 2058 1130 2120 εὐθείας
1175 2055 1267 2110 καὶ
1315 2057 1484 2118 οὔσας
1530 2054 1590 2108 ἐν
1636 2063 1711 2127 τῷ
1753 2054 1862 2109 ὑπο

197 2148 426 2222 κειμένῳ
467 2146 702 2220 ἐπιπέδῳ
742 2155 818 2219 τῷ
851 2149 1027 2200 ΑΒΓ
1056 2146 1234 2217 ὀρθὰς
1262 2146 1479 2213 ποιήσει
1510 2147 1729 2213 γωνίας.
1787 2145 1864 2197 &a

199 2258 347 2292 τεται
400 2236 461 2291 δὲ
515 2237 684 2306 αὐτῆς
734 2235 826 2289 καὶ
873 2236 906 2305 ἡ
956 2239 1083 2288 ΒΑ·
1144 2233 1236 2288 καὶ
1288 2235 1427 2305 πρὸς
1479 2235 1585 2304 ἄρα
1638 2234 1739 2302 τὴν
1784 2236 1831 2285 Β

201 2328 383 2398 ὀρθὴν
413 2327 628 2395 ποιήσει
666 2328 888 2394 γωνίαν.
967 2324 1112 2395 ὀρθὴ
1153 2325 1258 2394 ἄρα
1296 2322 1330 2391 ἡ
1369 2322 1477 2376 ὑπὸ
1510 2325 1694 2375 ΒΑΕ·
1741 2320 1856 2385 ὀξεῖ

320 2478 388 2517 64.
413 2473 640 2530 R(M1:u);
674 2471 736 2516 ad
758 2486 802 2527 p.
822 2475 1019 2527 204‚11:
1047 2469 1156 2514 ἔστω
1173 2469 1354 2525 κύκλος,
1380 2464 1435 2513 οὗ
1451 2465 1646 2523 κέντρον
1662 2466 1713 2511 τὸ
1731 2471 1767 2510 Α
1793 2468 1872 2511 κτλ
1896 2520 1897 2524 ¹

321 2626 359 2665 1.
399 2622 520 2679 τῶν]
561 2633 674 2664 corr
709 2633 765 2662 ex
801 2622 864 2677 τῷ
903 2633 963 2662 m.
1004 2631 1093 2663 ree.
1127 2617 1180 2661 V.
1335 2613 1540 2675 ἐπιπέδῳ
1577 2615 1633 2670 V,
1678 2629 1791 2658 corr.
1824 2573 1898 2694 m}

199 2694 287 2725 ree.
396 2686 436 2724 3.
470 2679 639 2738 ὀρθόν]
674 2677 775 2723 ἰσον
805 2664 859 2722 R‘.
967 2683 1007 2722 4.
1044 2675 1213 2735 ὀρθας]
1248 2675 1349 2727 ἴσας
1378 2676 1431 2719 R.
1539 2681 1576 2719 7.
1612 2651 1683 2732 δέ]
1716 2687 1804 2718 om.
1828 2673 1889 2721 R,

200 2740 343 2798 ὀρθή]
377 2738 451 2796 ἴση
483 2740 537 2783 R.
660 2742 699 2782 8.
735 2737 828 2782 ἐστι
857 2737 910 2781 R.
1035 2742 1103 2780 12.
1139 2736 1205 2795 εἰ]
1237 2735 1266 2793 ἡ
1297 2735 1392 2779 Ru.
1507 2734 1535 2790 ἡ
1555 2733 1651 2791 (alt.
1656 2734 1691 2792 )]
1725 2747 1811 2776 om.
1837 2716 1894 2784 112

261 2804 328 2843 13.
363 2800 572 2856 διδαχθῇ
603 2813 646 2842 u.
757 2801 825 2840 19.
858 2796 941 2855 τῷ]
974 2800 1037 2855 τῷ
1070 2798 1161 2840 EA
1191 2809 1235 2839 11.
1347 2798 1416 2838 23.
1449 2797 1512 2852 τῷ
1542 2793 1711 2851 ΑΒΓ]
1745 2789 1893 2858 suprQ

201 2872 283 2901 scr.
316 2859 368 2902 R.
1872 2861 1893 2910 οἳ
