1904 3184
145 126 256 179 314
803 124 1188 169 CATOPrRIcA.

148 244 209 301 δὲ
253 246 288 316 ἡ
327 251 435 300 BA
489 244 844 316 ἀνακλωμένη
894 243 982 298 ἐπὶ
1026 245 1088 298 τὸ
1128 248 1206 313 Α,
1259 240 1352 296 καὶ
1399 242 1626 313 ὁράσθω
1666 242 1728 295 τὸ
1768 244 1839 309 Α,

145 335 377 407 κέντρον
416 333 477 389 δὲ
515 343 612 404 τῆς
651 337 894 404 σφαίρας
932 335 1068 387 ἔστω
1107 333 1170 386 τὸ
1213 335 1282 401 Ζ,
1328 329 1420 384 καὶ
1460 329 1766 400 ἐπεζεύχθω
1805 329 1838 398 ἡ

145 430 280 494 ΛΖ,
335 423 427 478 καὶ
466 423 819 494 ἐκβεβλήσθω
866 422 900 492 ἡ
940 426 1044 476 ΒΔ
1090 423 1218 486 ὄψις
1264 419 1353 475 ε’πὶ
1391 421 1453 474 τὸ
1493 424 1556 473 Ε.
1633 418 1840 472 οὐκοῦν

147 514 262 568 ἐπεὶ
301 513 551 568 ὑπέκειτο
592 513 654 567 ἐν
691 523 807 576 τοῖς
845 510 1221 583 φαινομένοις,
1262 510 1346 564 ὅτι
1385 507 1840 578 καταληφθέντος

87 612 115 652 5
149 611 248 656 τοῦ
290 606 345 657 Γ
381 604 443 657 τὸ
483 608 537 657 A
584 603 685 672 οὐχ
728 602 946 673 ὁρᾶται,
1000 600 1310 670 ὀφθήσεται
1350 601 1457 670 ἄρα
1497 596 1580 652 ἐπ’
1616 597 1839 660 εὐθείας

145 701 211 763 τῇ
251 694 369 745 ΑΓ
404 691 543 744 κατὰ
588 691 690 760 τὴν
728 690 1005 760 σύμβασιν
1044 695 1140 757 τῆς
1177 691 1282 741 BA
1329 688 1506 751 ὄψεως
1550 684 1643 739 καὶ
1683 685 1837 756 [ἀπὸ]

144 789 241 850 τῆς
279 786 333 834 Α
344 783 397 834 Γ
427 778 515 834 ε’πὶ
554 787 654 833 τοῦ
693 783 766 847 Ε,
804 778 1057 849 καθάπερ
1098 775 1185 831 ἐπὶ
1223 786 1339 840 τοῖς
1378 774 1670 839 ἐπιπέδοις.

946 947 1001 996 ιη
1029 968 1040 979 .

252 1017 343 1072 Ἐν
381 1027 498 1081 τοῖς
534 1019 744 1081 κοίλοις
783 1016 1071 1086 ἐνόπτροις
1115 1013 1346 1069 ἕκαστον
1390 1022 1503 1067 τῶν
1541 1010 1839 1084 ὁρωμένων

58 1116 115 1157 10
145 1108 282 1162 κατὰ
313 1109 415 1177 τὴν
447 1107 552 1161 ἀπὸ
580 1114 680 1160 τοῦ
705 1105 992 1177 ὁρωμένου
1024 1107 1103 1168 εἰς
1132 1106 1195 1159 τὸ
1218 1102 1450 1175 κέντρον
1480 1110 1576 1172 τῆς
1598 1104 1839 1172 σφαίρας

145 1195 422 1267 ἀγομένην
460 1196 691 1250 εὐθεῖαν
729 1196 937 1268 ὁρᾶται.

255 1289 392 1340 ἔστω
431 1290 623 1340 κοῖλον
661 1288 931 1356 ἔνοπτρον
961 1285 1024 1338 τὸ
1059 1285 1176 1352 ΓΔ,
1216 1284 1343 1347 ὄψις
1382 1278 1443 1335 δὲ
1481 1278 1837 1351 ἀνακλωμένη

142 1374 177 1444 ἡ
215 1378 330 1429 ΒΓ
375 1374 463 1430 ἐπὶ
509 1377 571 1429 τὸ
611 1379 665 1428 Α
711 1375 1018 1446 ὁρώμενον,
1071 1381 1168 1443 τῆς
1214 1369 1275 1426 δὲ
1321 1373 1562 1442 σφαίρας
1606 1368 1838 1441 κέντρον

143 1467 279 1519 ἔστω
312 1466 374 1519 τὸ
406 1469 472 1534 Ε,
509 1463 602 1518 καὶ
633 1464 740 1519 ἀπὸ
772 1471 872 1518 τοῦ
905 1468 958 1517 Α
998 1460 1086 1517 ἐπὶ
1120 1463 1183 1516 τὸ
1215 1466 1268 1515 Ε
1304 1460 1610 1530 ἐπεζεύχθω
1644 1459 1837 1514 εὐθεῖα

54 1562 111 1603 15
142 1553 234 1608 καὶ
273 1553 644 1624 ἐκβεβλήσθω.
713 1553 921 1608 οὐκοῦν
960 1550 1075 1607 ἐπεὶ
1112 1550 1363 1606 ὑπέκειτο
1401 1549 1461 1604 έν
1494 1559 1610 1613 τοῖς
1641 1568 1838 1619 φαινο-

140 1641 344 1713 μένοις,
384 1644 468 1698 ὄτι
497 1641 952 1713 καταληφθέντος
988 1649 1088 1695 τοῦ
1120 1643 1292 1695 τόπου
1327 1647 1427 1693 τοῦ
1460 1644 1515 1693 A
1552 1640 1615 1692 τὸ
1647 1643 1701 1691 Α
1732 1636 1835 1707 οὐχ

142 1732 353 1804 ὁρᾶται,
393 1734 530 1787 ὥστε
569 1735 825 1803 φαίνεται
864 1730 948 1785 ἐπ’
984 1731 1208 1794 εὐθείας
1246 1738 1311 1801 τῇ
1351 1733 1405 1782 Α
1414 1732 1487 1798 Ε,
1526 1727 1836 1798 ὀφθήσεται

142 1823 248 1893 ἄρα
285 1823 424 1875 κατὰ
462 1823 565 1891 τὴν
603 1822 889 1891 συμβολὴν
927 1828 1024 1890 τῆς
1062 1823 1172 1873 AA
1211 1818 1434 1881 εὐθείας
1472 1816 1564 1871 καὶ
1603 1823 1699 1886 τῆς
1728 1817 1843 1869 ΒΓ
1876 1830 1878 1835 ·

142 1909 320 1975 ὄψεως
356 1912 494 1965 κατὰ
532 1912 594 1964 τὸ
637 1914 698 1964 Ζ.

50 2037 110 2076 20
939 2027 1040 2082 ιθ’.
1902 2078 1904 2082 Α

248 2117 339 2172 Ἐν
400 2128 516 2183 τοῖς
570 2117 847 2181 ἐπιπέδοις
902 2117 1188 2188 ένόπτροις
1247 2117 1314 2169 τὰ
1369 2114 1519 2180 δεξιὰ
1573 2114 1833 2187 ἀριστερὰ

141 2210 396 2278 φαίνεται
442 2206 533 2262 καὶ
579 2208 646 2261 τὰ
685 2207 947 2278 ἀριστερὰ
994 2204 1144 2271 δεξια
1190 2204 1282 2259 καὶ
1326 2206 1388 2259 τὸ
1429 2205 1661 2258 εἴδωλον
1708 2208 1832 2257 ἴσον
1899 2218 1904 2288 ι

139 2305 215 2370 τῷ
255 2296 540 2370 ὁρωμένῳ,
594 2295 686 2350 καὶ
724 2297 786 2350 τὸ
826 2296 1112 2366 ἀπόστημα
1157 2296 1219 2348 τὸ
1267 2294 1373 2348 ἀπὸ
1420 2301 1519 2347 τοῦ
1561 2293 1831 2363 ἐνόπτρου
1900 2313 1904 2408 ι

141 2391 264 2440 ἴσον
303 2386 469 2440 ἐστιᾝν

261 2582 300 2623 1.
332 2582 368 2621 A
394 2577 532 2651 (alt.)]
565 2580 654 2621 ΑΕ
683 2592 751 2633 m,
799 2582 841 2621 A
852 2579 892 2621 E
923 2576 985 2621 Μ.
1137 2581 1178 2620 4.
1219 2572 1453 2633 ὑπέκειτο]
1493 2574 1737 2620 ὑπόκειται
1767 2589 1827 2620 m.

200 2635 524 2696 φαινομένοις]
558 2653 684 2693 οροις
714 2652 773 2681 m.
927 2640 967 2680 5.
1007 2635 1090 2694 οὐχ
1123 2635 1289 2690 ὁρᾶται
1318 2634 1370 2679 τὸ
1402 2638 1439 2677 A
1471 2649 1530 2678 m.
1677 2639 1716 2679 6.
1749 2635 1827 2694 τῇ]

137 2703 219 2754 τῆς
248 2697 342 2741 Vv.
441 2697 547 2755 τήν]
581 2710 668 2741 om.
702 2696 766 2741 M.
856 2694 971 2754 ἀπό]
1005 2709 1094 2738 om.
1126 2709 1186 2739 m.
1282 2699 1321 2739 7.
1355 2691 1431 2738 ἐπί
1456 2693 1594 2752 (alt.)]
1628 2693 1679 2738 ἐν
1710 2694 1827 2797 Mlm.

199 2750 1662 2831 8.”ιη]κενν.12.ΓΔ]ΑΓΜ,ΓΔόμμαδετὸΒΠι.

1868 2723 1889 2793 ,ἰ

140 2816 325 2889 εὐθεῖα]
359 2817 586 2872 εὐθεῖαη
570 2815 700 2859 AE
730 2830 789 2859 m.
886 2818 954 2857 15.
987 2812 1232 2858 ὑπόκειται
1256 2812 1307 2857 ἐν
1330 2820 1430 2864 τοῖς
1454 2829 1581 2869 οροις
1603 2827 1663 2856 m.
1757 2816 1827 2856 17.
1871 2790 1902 2852 ἵ

139 2873 400 2947 φαίνεσθαι
431 2875 480 2918 Μ
511 2833 586 2919 etv
583 2888 608 2918 e
632 2887 746 2918 corr.
771 2889 832 2919 m.
858 2878 884 2916 2
909 2873 964 2917 V.
1056 2873 1132 2931 τῇ]
1163 2889 1189 2916 τ
1190 2879 1244 2929 ῆς
1274 2871 1478 2916 VMvm.
1586 2876 1655 2916 19.
1687 2870 1827 2989 κατά]
1864 2853 1888 3184 ι

138 2932 241 2988 ἤτοι
264 2950 385 2978 κατα
408 2949 468 2978 m.
560 2938 630 2979 20.
665 2934 761 2992 ιθ’]
793 2947 851 2981 κς
860 2932 990 2976 ‘VV.
1084 2937 1154 2976 22.
1189 2930 1357 2976 ἴδωλον
1380 2931 1436 2976 V.
1529 2935 1599 2975 23.
1632 2929 1684 2975 τό
1703 2933 1806 2988 (pr.)

1894 3041 1904 3184 ι
