1904 3184
163 104 200 147 L
780 101 1191 143 PROLEGOMEN
1191 101 1244 145 A.

1883 0 1904 175 1,

284 221 358 266 his
413 220 653 278 perpensis
702 218 850 264 oritur
897 217 1120 275 suspicio,
1177 216 1468 273 Catoptrica,
1524 218 1686 273 qualia
1731 232 1855 263 nunc
1895 202 1904 254 ¹,-

165 289 417 345 habemus,
460 303 489 332 a
521 287 710 331 Theone
751 286 938 329 demum
975 283 1230 341 compilata
1270 298 1391 340 esse,
1431 287 1486 328 ut
1517 299 1622 330 cum
1654 286 1753 331 eius
1784 300 1856 331 re·
1902 315 1904 318 -

165 355 383 401 censione
402 354 673 412 Opticorum
690 353 739 396 in
763 353 845 397 τὸν
868 352 1034 408 μικρὸν
1058 352 1494 409 ἀστρονομούμενον
1518 353 1855 411 reciperentur3
1899 341 1904 386 ἶ

164 439 277 469 nam
316 421 541 467 credibile
582 423 673 478 est,
723 434 830 464 eum
866 419 917 462 in
957 417 1158 475 Opticis,
1206 418 1288 463 ubi
1337 433 1452 476 opus
1496 420 1752 476 genuinum
1795 419 1855 464 ob

167 490 327 536 oculos
358 489 576 545 haberet,
618 502 645 531 a
677 500 888 530 sermone
919 484 1115 541 antiquo
1146 485 1300 529 minus
1343 485 1612 543 deflexisse,
1655 489 1703 531 et
1734 500 1855 542 quae

164 556 216 600 in
249 555 429 614 Opticis
467 568 643 600 nouare
682 552 955 610 incepisset,
995 551 1044 594 in
1077 551 1357 609 Catoptricis
1399 553 1586 597 demum
1625 553 1687 597 ad
1718 553 1858 597 finem

164 623 451 681 perduxisse.
507 618 618 666 'hoc
667 620 707 664 si
753 633 862 664 uere
910 618 1174 676 suspicatus
1216 633 1339 675 sum,
1388 618 1439 662 in
1477 619 1577 664 cod.
1620 619 1727 663 Uat.
1769 623 1857 663 204

164 689 247 734 τὸν
279 690 446 746 μικρὸν
476 686 913 744 ἀστρονομούμενον
951 685 1098 729 talem
1128 685 1378 742 habemus,
1420 685 1574 742 qualis
1607 699 1635 729 a
1667 685 1856 729 Theone

165 756 450 813 compositus
476 757 568 810 est3
602 754 663 797 ab
687 752 824 796 initio
850 751 1120 809 Catoptrica
1144 766 1239 796 non
1263 751 1617 810 comprehendit
1639 751 1857 807 (Studien

164 839 208 881 p.
245 826 361 880 152).
432 824 534 866 tum
573 834 716 864 causa
760 821 832 864 est
871 818 1143 874 dubitandi,
1188 818 1485 875 scripseritne
1526 818 1714 863 omnino
1750 818 1856 862 Cat-

167 888 348 947 optrica
379 887 620 942 Euclides,
659 899 810 942 neque
844 884 968 930 enim
999 885 1088 929 hoc
1121 899 1177 929 ex
1207 901 1251 942 p.
1279 890 1349 943 30,
1384 891 1410 929 3
1452 885 1669 930 concludi
1699 887 1858 942 potest
1901 940 1904 942 ,

164 958 340 1014 (potest
364 955 488 999 enim
511 953 656 998 etiam
681 953 889 998 alienum
913 966 1028 1009 opus
1053 951 1123 996 ita
1148 951 1324 1010 citare),
1358 954 1406 996 et
1426 952 1616 997 Proclus
1642 952 1693 996 in
1708 951 1855 997 Elem.
1902 988 1904 991 .

163 1039 207 1081 p.
228 1028 298 1080 69,
318 1028 343 1067 2
376 1022 576 1066 fortasse
607 1020 704 1065 iam
729 1018 931 1064 Theonis
964 1033 1079 1076 opus
1111 1018 1162 1062 in
1193 1018 1412 1063 manibus
1437 1019 1619 1075 habuit,
1650 1019 1700 1062 in
1731 1018 1858 1075 quod
1901 1036 1904 1037 ⁷

163 1090 374 1134 Euclidis
398 1101 569 1134 nomen
602 1087 661 1132 ob
687 1086 984 1130 uicinitatem
1011 1084 1283 1142 Opticorum
1305 1085 1446 1130 facile
1470 1085 1855 1131 transferebatur.
1901 1096 1904 1099 ⁴

164 1157 214 1201 in
247 1169 385 1214 opere
410 1170 493 1200 suo
519 1154 840 1211 componendo
865 1153 1027 1197 Theon
1051 1151 1123 1196 uti
1146 1154 1335 1208 poterat
1359 1155 1407 1196 et
1431 1151 1724 1197 Archimedis
1749 1152 1857 1197 Cat—

166 1223 372 1282 optricis,
405 1235 526 1279 quae
549 1220 720 1266 habuit
743 1220 810 1278 (in
833 1219 1028 1264 Ptolem.
1049 1221 1169 1275 synt.
1186 1234 1231 1275 p.
1253 1224 1328 1275 10;
1363 1219 1443 1264 cfr.
1470 1219 1615 1264 schol.
1638 1234 1706 1264 nr.
1727 1222 1784 1276 7),
1810 1221 1859 1264 et

163 1290 375 1335 Heronis.
439 1291 487 1333 et
524 1301 688 1333 reuera
719 1303 763 1344 p.
791 1292 890 1343 286,
919 1290 1091 1330 17-19
1132 1299 1188 1329 ex
1219 1285 1498 1330 Archimede
1509 1286 1547 1343 ⁸¹)
1589 1284 1764 1330 citatur
1794 1285 1856 1329 ab

171 1356 506 1415 Olympiodoro
538 1355 589 1399 in
626 1353 869 1398 Meteorol.
901 1353 944 1396 II
981 1368 1026 1409 p.
1060 1357 1117 1397 94
1157 1352 1228 1397 ed.
1261 1352 1433 1408 Ideler‚
1481 1354 1529 1396 et
1566 1366 1695 1409 prop.
1729 1357 1757 1395 4
1796 1352 1859 1396 ad
1900 1382 1904 1411 .·

165 1423 361 1468 uerbum
392 1422 488 1467 fere
521 1421 648 1479 apud
678 1421 911 1464 Heronem
942 1418 1116 1477 legitur
1145 1433 1275 1476 prop.
1304 1423 1328 1463 7
1361 1419 1513 1476 (Rose,
1546 1419 1790 1463 Anecdota
1815 1419 1858 1463 Π

163 1506 207 1548 p.
234 1494 344 1545 322;
385 1489 465 1535 cfr.
499 1488 614 1533 ibid.
645 1502 776 1545 prop.
804 1491 830 1530 9
855 1509 912 1524 =
938 1485 1143 1542 Catoptr.
1171 1490 1242 1542 24,
1274 1499 1404 1542 prop.
1434 1490 1487 1529 10
1514 1508 1570 1522 =
1596 1488 1653 1543 5).

282 1556 365 1601 sed
390 1570 497 1600 cum
521 1554 665 1610 ceteri
688 1553 1060 1611 Catoptricorum
1083 1551 1194 1596 libri
1219 1551 1394 1597 Graece
1418 1566 1512 1596 non
1535 1551 1632 1596 iam
1657 1554 1854 1608 exstent,
1902 1567 1904 1569 ’

163 1625 376 1667 nostrum
407 1621 684 1679 opusculum
715 1622 921 1665 aetatem
951 1618 1076 1676 tulit,
1110 1618 1222 1675 quia
1252 1618 1303 1662 in
1333 1619 1415 1663 τὸν
1436 1619 1603 1675 μικρὸν
1634 1620 1856 1675 ἀστρονο-

166 1690 400 1747 μούμενον
425 1690 665 1746 receptum
682 1689 802 1743 erat3
828 1685 868 1730 is
893 1685 1018 1730 enim
1039 1688 1231 1743 propter
1245 1685 1567 1730 Ptolemaeum
1591 1698 1773 1742 semper
1796 1685 1857 1730 ab

165 1755 434 1801 hominibus
474 1753 749 1812 Byzantinis
790 1752 1117 1809 lectitabatur3
1167 1752 1247 1797 cfr.
1284 1751 1556 1796 Theodorus
1596 1751 1855 1796 Metochita
1901 1759 1904 1770 ²

165 1823 293 1881 apud
325 1822 495 1867 Sathas
528 1825 764 1867 Μεσαιων.
798 1821 914 1878 βιβλ.
946 1819 968 1863 Ι
1005 1834 1049 1876 p.
1083 1821 1161 1875 od:
1200 1819 1282 1864 καὶ
1314 1818 1405 1876 μὴν
1439 1817 1504 1862 ἔτι
1534 1818 1615 1863 καὶ
1647 1817 1762 1863 ἅττα
1792 1822 1854 1878 τῷ

165 1890 306 1946 ἀνδρὶ
336 1888 556 1946 (Euclidi)
595 1884 1005 1944 προσεξείργασται
1043 1885 1213 1931 ὀπτικοὶ
1242 1901 1291 1930 τε
1329 1886 1411 1930 καὶ
1449 1884 1736 1942 κατοπτρικά
1773 1886 1855 1931 καὶ

165 1954 399 2014 δεδομένα
437 1956 519 2001 καὶ
556 1954 614 1999 τὰ
652 1955 759 2010 περὶ
795 1962 887 1998 τῶν
926 1952 1030 1999 κατ’
1061 1952 1266 2008 οὐρανὸν
1299 1949 1620 2009 φαινομένων,
1659 1952 1851 2009 ὡσπερεὶ

165 2022 389 2081 πρόθυρά
410 2039 518 2069 τινα
547 2029 695 2067 ταῦτα
726 2021 808 2066 καὶ
838 2020 1072 2077 προαύλια
1102 2026 1194 2065 τῶν
1227 2018 1359 2070 ἐντὸς
1389 2018 1666 2075 ἀπορρήτων
1693 2034 1742 2063 τε
1773 2019 1855 2064 καὶ

165 2091 351 2135 ἀδύτων
383 2087 713 2146 &amovemus-3
754 2102 798 2132 11.
832 2087 977 2131 etiam
1008 2086 1218 2130 eiusdem
1248 2086 1660 2143 ὑπομνηματισμοί
1687 2101 1732 2143 p.
1768 2089 1852 2131 108

166 2156 418 2214 Kiessling.

284 2223 423 2281 Apud
446 2223 626 2268 Arabes
657 2221 839 2266 nullum
861 2219 1116 2277 uestigium
1147 2222 1219 2263 est
1244 2218 1616 2276 Catoptricorum
1638 2218 1855 2276 (Studien
1896 2259 1904 2274 Ἰ.

166 2291 282 2335 iiber
304 2289 482 2334 Euklid
507 2305 551 2347 p.
580 2292 704 2347 152);
736 2303 846 2333 nam
879 2300 1000 2343 quae
1032 2287 1159 2344 apud
1182 2286 1392 2330 Alhazen
1422 2284 1726 2329 inueniuntur
1747 2298 1853 2342 pro-
1891 2301 1895 2306 ’

165 2356 425 2415 positiones
474 2355 650 2400 similes
698 2354 977 2413 (Schneider
1018 2354 1222 2411 Eclogae
1261 2353 1393 2410 phys
1426 2352 1470 2397 Π
1507 2368 1552 2409 p.
1585 2357 1692 2409 231,
1734 2354 1852 2410 233),

166 2423 359 2468 aliunde
397 2423 572 2467 habere
610 2423 768 2479 potest
815 2421 966 2479 (uelut
1005 2434 1060 2464 ex
1100 2420 1284 2464 Herone
1323 2420 1372 2463 et
1409 2417 1719 2476 Ptolemaeo),
1766 2432 1853 2464 nec
1888 2440 1890 2443 ·

165 2491 294 2548 apud
309 2489 627 2546 Uitellionem,
652 2500 939 2545 quamquam
959 2487 1108 2531 multo
1125 2486 1282 2544 plures
1302 2484 1644 2542 propositiones
1677 2484 1852 2530 similes

164 2558 312 2602 habet
343 2560 403 2611 (u.
438 2556 693 2602 Schneider
722 2555 752 2600 1.
779 2558 857 2613 0.),
890 2553 1149 2598 similitudo
1182 2553 1281 2598 eius
1312 2551 1441 2597 modi
1473 2553 1564 2609 est,
1604 2553 1658 2596 ut
1689 2565 1714 2596 0
1746 2551 1853 2596 Cat-
1902 2551 1904 2554 ’

168 2623 359 2680 optricis
398 2622 571 2667 nostris
610 2621 824 2667 hausisse
857 2619 1175 2678 demonstrari
1211 2619 1383 2678 possit3
1432 2621 1504 2662 est
1542 2617 1666 2663 enim
1702 2618 1851 2664 multo

168 2689 442 2747 diligentior
473 2692 521 2734 et
551 2687 805 2734 uerbosior.
862 2688 946 2732 sed
974 2690 1029 2732 ut
1062 2686 1345 2745 Opticorum‚
1377 2685 1447 2730 ita
1480 2684 1855 2743 Catoptricorum

182 2871 233 2934 i't
264 2831 324 2934 ἰ)
356 2831 513 2934 Habeit
537 2829 682 2875 etiam
705 2829 984 2874 Heliodorus
1010 2843 1110 2886 cap.
1131 2833 1208 2884 113
1239 2826 1367 2871 idem
1390 2839 1490 2883 cap.
1512 2830 1565 2870 13
1591 2838 1648 2870 ex
1666 2825 1851 2870 Herone

167 2903 211 2933 01
235 2904 262 2934 a
314 2903 443 2946 prop.
503 2927 510 2935 .
