1904 3184
145 79 254 132 330
801 83 1187 127 CATOPTRICA.

144 209 219 269 τῷ
260 201 409 274 αὐτῷ
449 201 615 272 μέρει,
656 202 796 254 ὅπου
837 201 951 256 ἐστὶ
989 204 1051 256 τὸ
1091 202 1262 273 ὄμμα,
1299 205 1425 258 οὔτε
1463 214 1575 258 τῶν
1613 204 1701 259 ε’πὶ
1739 214 1835 275 τῆς

145 289 443 360 διαμέτρου
483 290 610 343 οὔτε
648 300 760 343 τῶν
798 290 951 353 ε’κτὸς
989 299 1085 361 τῆς
1123 291 1436 363 διαμέτρου.

942 453 1037 518 κζ’.

251 556 341 610 Ἐν
386 567 503 621 τοῖς
548 560 756 620 κοίλοις
796 557 1082 629 ε’νόπτροις
1129 558 1225 612 ἐὰν
1253 558 1360 613 ’ἐπὶ
1399 567 1495 629 τῆς
1534 559 1831 631 διαμέτρου

85 659 111 699 5
143 652 278 716 τεθῇ
318 647 385 699 τὰ
416 648 629 719 ὄμματα
663 652 785 700 ἴσον
817 646 1088 717 ἀπέχοντα
1120 655 1220 702 τοῦ
1247 647 1498 720 κέντρου,
1538 648 1832 721 οὐδέτερον

142 745 255 789 τῶν
294 735 554 805 ὀμμάτων
592 736 915 806 ὀφθήσεται.

253 827 389 879 ἔστω
421 829 611 878 κοῖλον
644 828 912 897 ἔνοπτρον
942 827 1004 880 τὸ
1030 829 1210 895 ΑΓΔ,
1251 827 1540 898 διάμετρος
1563 825 1624 881 δὲ
1648 828 1681 897 ἡ
1707 834 1832 896 ΑΔ,
1902 879 1904 883 .

140 913 372 985 κέντρον
419 911 480 967 δὲ
526 915 587 967 τὸ
630 918 699 983 Ζ,
753 916 891 985 πρὸς
930 915 1107 986 ὀρθὰς
1153 913 1215 969 δὲ
1252 915 1286 985 ἡ
1330 919 1453 985 ΖΓ,
1508 915 1723 986 ὄμματα
1770 914 1831 970 δὲ

140 1004 207 1056 τὰ
245 1007 311 1072 Β,
342 1008 396 1056 Ε
440 1008 563 1056 ἴσον
603 1003 873 1073 ἀπέχοντα
919 1012 1018 1057 τοῦ
1057 1004 1315 1075 κέντρου,
1370 1004 1497 1070 ὄψις
1540 1003 1600 1059 δὲ
1638 1005 1671 1075 ἡ
1710 1009 1829 1060 ΒΓ.

55 1104 110 1144 10
141 1092 348 1146 οὐκοῦν
387 1091 746 1163 ἀνακλωμένη
784 1092 898 1162 ἥξει
939 1092 1027 1147 ἐπὶ
1066 1095 1127 1148 τὸ
1167 1098 1241 1147 Ε·
1298 1094 1358 1148 έν
1399 1100 1543 1158 ἴσαις
1580 1096 1684 1166 γὰρ
1725 1115 1830 1164 γω-

140 1185 286 1244 νίαις
332 1181 646 1235 ἀνακλᾶται.
733 1183 870 1251 ἄλλη
923 1179 983 1236 δὲ
1030 1183 1260 1253 οὐδεμία
1311 1182 1426 1252 ἥξει
1474 1184 1829 1255 ἀνακλωμένη

139 1270 246 1324 ἀπὸ
292 1278 392 1324 τοῦ
440 1274 487 1323 Β
536 1269 623 1324 ἐπὶ
671 1272 732 1324 τὸ
780 1275 842 1324 Ε.
921 1274 972 1325 εί
1014 1273 1118 1343 γὰρ
1165 1272 1278 1341 ἥξει
1326 1273 1400 1336 ὡς
1445 1272 1478 1341 ἡ
1527 1277 1658 1343 ΒΘ,
1712 1273 1828 1327 έπε-

141 1360 460 1429 ζεύχθωσαν
507 1362 569 1413 αἱ
607 1364 734 1429 ΘΕ,
779 1364 902 1414 ΘΖ·
952 1362 1079 1431 δίχα
1125 1363 1233 1432 ἄρα
1270 1363 1609 1432 τμηθήσεται
1647 1362 1681 1431 ἡ
1719 1363 1827 1417 ὑπὸ
1899 1430 1901 1437 ⁴

139 1451 308 1501 ΒΘΕ
352 1448 462 1502 ὑπὸ
508 1456 604 1518 τῆς
653 1453 781 1518 ΖΘ,
841 1448 933 1503 καὶ
988 1449 1263 1519 ἀνάλογον
1317 1453 1467 1504 ἔσται
1521 1451 1595 1514 ὡς
1640 1451 1673 1520 ἡ
1720 1455 1829 1506 ΒΘ

51 1549 105 1590 15
136 1538 275 1607 πρὸς
310 1541 437 1606 ΘΕ,
477 1537 510 1607 ἡ
543 1541 648 1591 ΒΖ
687 1540 825 1610 πρὸς
859 1543 985 1592 ΖΕ·
1027 1540 1159 1611 ὅπερ
1191 1540 1491 1594 ἀδύνατον·
1531 1541 1564 1610 ἡ
1595 1538 1696 1611 μὲν
1721 1542 1826 1614 γὰρ

137 1629 245 1679 ΒΘ
282 1630 479 1696 μείζων
519 1626 632 1681 ε’στὶ
671 1635 767 1697 τῆς
801 1632 923 1697 ΘΕ,
962 1627 995 1697 ἡ
1035 1626 1096 1682 δὲ
1129 1632 1231 1682 ΒΖ
1273 1634 1362 1698 ἴση
1395 1638 1460 1701 τῇ
1496 1634 1612 1684 ΖΕ.
1669 1631 1826 1685 οὐδε-

135 1718 233 1783 μία
279 1717 386 1786 ἄρα
425 1715 538 1785 ἥξει
579 1716 935 1787 ἀνακλωμένη
982 1717 1088 1772 ἀπὸ
1127 1726 1227 1771 τοῦ
1268 1722 1315 1772 Β
1362 1718 1450 1772 ἐπὶ
1488 1721 1549 1773 τὸ
1590 1724 1652 1773 Ε.
1729 1723 1827 1790 μία

136 1806 242 1875 ἄρα
274 1803 401 1870 ὄψις
431 1808 606 1875 μόνον
638 1805 1115 1876 ἀνακλασθήσεται
1148 1806 1237 1877 ἐφ’
1266 1806 1524 1879 ἑκατέρου
1552 1818 1665 1862 τῶν
1688 1813 1752 1878 Β,
1777 1814 1829 1863 Ε

135 1893 411 1964 ὀμμάτων,
443 1894 534 1948 καὶ
567 1895 667 1948 οὐκ
699 1895 1007 1965 ὀφθήσεται
1039 1897 1099 1950 τὸ
1125 1901 1198 1950 Ε·
1239 1897 1306 1950 οὐ
1339 1898 1442 1967 γὰρ
1473 1909 1824 1967 συμπεσεῖται

46 1993 103 2034 20
133 1981 167 2051 ἡ
197 1986 311 2036 ΒΓ
341 1983 707 2054 ἐκβαλλομένη
738 1993 803 2056 τῇ
836 1989 941 2039 ΒΔ
980 1984 1066 2039 ἐπὶ
1097 1986 1165 2039 τὰ
1199 1989 1259 2055 Γ,
1283 1991 1338 2039 Δ
1375 1985 1529 2056 μέρη,
1570 1987 1823 2058 ἐφαίνετο

133 2069 194 2125 δὲ
233 2071 463 2126 ἕκαστον
501 2075 638 2126 κατὰ
676 2075 778 2143 τὴν
817 2076 1103 2144 συμβολὴν
1141 2077 1316 2145 μόνον
1354 2084 1466 2129 τῶν
1504 2076 1822 2146 ὁρωμένων·

133 2158 264 2215 οὐδὲ
301 2161 335 2230 ἡ
368 2165 481 2215 ΕΓ
511 2163 576 2216 οὐ
616 2164 689 2232 μὴ
730 2162 977 2234 συμπέσῃ
1016 2173 1080 2235 τῇ
1113 2168 1224 2217 ΕΑ
1263 2162 1350 2218 ἐπὶ
1385 2165 1452 2217 τὰ
1486 2168 1546 2234 Γ,
1572 2171 1625 2218 A
1662 2164 1822 2236 μέρη·

133 2250 193 2303 έν
233 2251 336 2322 γὰρ
376 2261 492 2315 τοῖς
529 2255 736 2315 κοίλοις
783 2252 1070 2324 ἐνόπτροις
1108 2252 1339 2307 ἕκαστον
1376 2263 1488 2307 τῶν
1526 2253 1822 2325 ὁρωμένων
1895 2302 1904 2311 .

130 2341 267 2393 κατὰ
297 2342 400 2410 τὴν
431 2340 536 2394 ἀπὸ
568 2348 668 2394 τοῦ
693 2341 977 2411 ὁρωμένου
1009 2344 1087 2405 είς
1117 2343 1179 2396 τὸ
1203 2341 1433 2414 κέντρον
1463 2350 1559 2412 τῆς
1582 2347 1821 2414 σφαίρας

43 2438 99 2478 25
132 2427 407 2497 ἀγομένην
447 2429 674 2483 εὐθεῖαν
713 2429 919 2500 ὁρᾶται.

250 2595 288 2633 1.
323 2588 446 2635 ἐστίν
478 2590 571 2635 VV.
694 2590 819 2649 οὔτε]
853 2591 958 2635 οὔτε
989 2607 1034 2634 τι
1064 2606 1122 2635 m.
1261 2595 1301 2635 3.
1334 2591 1427 2650 κζ’]
1458 2591 1533 2635 λδ’
1559 2591 1651 2635 Vv.
1775 2597 1816 2637 5.

128 2647 186 2691 τὰ
218 2647 420 2708 ὄμματα]
452 2649 503 2693 τὸ
531 2649 656 2705 ὄμμα
685 2650 746 2694 Μ.
841 2654 880 2694 9.
913 2649 972 2693 τὰ
1005 2650 1060 2708 Β]
1095 2664 1119 2694 e
1151 2663 1265 2694 corr.
1290 2650 1352 2695 Μ.
1445 2651 1548 2709 τοῦ]
1579 2658 1661 2695 τοῦ
1690 2654 1724 2695 Ζ
1754 2666 1814 2696 m.

191 2713 258 2753 11.
300 2706 605 2765 ἀνακλωμένη
645 2735 704 2741 -
736 2713 804 2754 12.
838 2708 958 2768 ἥξει]
999 2723 1086 2753 om.
1120 2710 1276 2754 Mvm.
1430 2714 1500 2753 12.
1546 2710 1604 2768 ἡ]
1650 2713 1816 2767 postea

129 2767 236 2812 add.
269 2783 328 2812 m.
456 2773 522 2811 14.
557 2768 724 2827 ΒΘΕ]
759 2770 900 2814 ΒΘΕ
932 2767 1078 2825 γωνία
1109 2784 1169 2813 m.
1269 2769 1376 2828 ΖΘ]
1413 2771 1502 2814 ΖΘ
1533 2768 1724 2822 εὐθείας
1754 2785 1813 2814 m.

190 2826 333 2886 ἔσται]
367 2826 489 2872 ἐστιν
519 2827 582 2871 Μ.
723 2831 788 2872 15.
826 2828 943 2886 ΘΕ]
976 2828 1062 2884 τὴν
1096 2830 1189 2873 ΘΕ
1219 2827 1336 2872 Mm.
1463 2829 1576 2887 ZE]
1607 2829 1693 2886 τὴν
1730 2832 1815 2873 ΖΕ

127 2884 244 2930 Mm.
367 2892 436 2931 16.
470 2884 592 2931 ἐστίν
623 2886 715 2931 Vv.
835 2888 947 2946 ZE]
982 2890 1071 2931 EZ
1101 2887 1162 2932 M.
1288 2891 1355 2932 18.
1389 2886 1556 2946 μόνον]
1590 2902 1677 2933 om.
1703 2888 1812 2932 Mm.
