1904 3184
191 109 228 159 4
766 107 1051 151 EUCLIDIS
1083 107 1313 150 OPTIOA.

192 229 416 298 οὐκοῦν,
457 226 572 281 ἐπεὶ
604 227 665 281 ἐν
697 228 1022 295 διαστήματι
1054 225 1321 297 φέρονται
1353 227 1416 279 αἱ
1441 229 1882 296 προσπίπτουσαι

191 319 377 387 ὄψεις,
451 317 553 369 οὐκ
622 316 692 369 ἂν
759 318 1155 386 προσπίπτοιεν
1221 329 1352 368 συν-
1422 358 1485 404 A
1528 358 1589 405 I,
1637 359 1710 407 K
1817 361 1864 407 Δ

191 417 332 475 εχεῖς
369 407 508 477 πρὸς
545 407 606 459 τὸ
636 410 774 458 ΑΔ·
815 406 954 458 ὥστε
991 404 1244 472 γένοιντο
1283 404 1353 457 ἂν

190 494 284 548 καὶ
321 496 458 548 κατὰ
496 496 557 548 τὸ
597 498 708 547 ΑΔ
748 495 1104 563 διαστήματα,
1142 495 1281 564 πρὸς
1320 493 1354 546 ἃ

133 594 159 635 5
192 585 256 637 αἱ
290 586 444 648 ὄψεις
482 584 548 637 οὐ
587 590 1044 654 προσπεσοῦνται.
1115 583 1216 636 οὐκ
1247 584 1354 653 ἄρα

191 673 501 742 ὀφθήσεται
549 674 682 726 ὅλον
729 673 839 742 ἅμα
884 673 946 725 τὸ
994 677 1118 725 ΛΔ.
1205 673 1359 724 δοκεῖ

192 760 253 815 δὲ
314 762 556 833 ὁρᾶσθαι
618 763 728 832 ἅμα
795 771 908 814 τῶν
970 762 1153 825 ὄψεων
1217 763 1353 830 ταχὺ

189 850 678 922 παραφερομένων.
1616 837 1678 884 B

109 1042 164 1082 10
316 1032 447 1082 Τῶν
503 1034 640 1081 ἴσων
693 1034 948 1097 μεγεθῶν
1003 1027 1064 1081 ἐν
1118 1029 1446 1097 διαστήματι
1499 1025 1766 1096 κειμένων
1820 1028 1887 1080 τα

193 1121 382 1186 ἔγγιον
420 1120 642 1187 κείμενα
681 1116 1071 1188 ἀκριβέστερον
1110 1116 1320 1188 ὁρᾶται.

305 1209 443 1261 ἔστω
495 1207 641 1276 ὄμμα
687 1204 788 1275 μὲν
833 1207 895 1260 τὸ
936 1210 1008 1274 Β,
1055 1205 1307 1276 ὁρώμενα
1354 1202 1415 1257 δὲ
1452 1205 1514 1258 τὸ
1556 1207 1656 1258 ΓΔ
1693 1203 1785 1257 καὶ
1824 1206 1886 1258 τὸ

193 1299 324 1365 ΚΛ,
363 1297 467 1367 χρὴ
508 1293 569 1349 δὲ
607 1306 760 1349 νοεῖν
799 1296 939 1349 αὐτὰ
978 1300 1070 1348 ἴσα
1108 1293 1200 1347 καὶ
1230 1294 1571 1365 παράλληλα,
1611 1296 1798 1362 ἔγγιον
1829 1291 1891 1347 δὲ

193 1387 330 1438 ἔστω
392 1385 454 1438 τὸ
516 1387 644 1453 ΓΔ,
712 1383 805 1438 καὶ
865 1383 1357 1455 προσπιπτέτωσαν

106 1485 160 1526 15
193 1476 348 1538 ὄψεις
386 1475 448 1527 αι
482 1476 610 1543 ΒΓ,
643 1477 763 1542 BA,
803 1477 929 1542 RK,
961 1477 1077 1526 BA.
1140 1473 1208 1526 οὐ
1250 1474 1355 1543 γὰρ
1442 1457 1513 1507 K
1836 1449 1889 1501 Α

193 1563 264 1617 ἂν
302 1568 572 1633 εἴποιμεν,
623 1563 698 1626 ὡς
736 1564 798 1615 αἱ
833 1561 938 1616 ἀπὸ
978 1570 1077 1615 τοῦ
1117 1564 1357 1632 ὄμματος
1442 1591 1495 1639 Γ

192 1653 331 1723 πρὸς
391 1653 453 1705 τὸ
515 1655 629 1704 ΚΛ
696 1655 1140 1722 προσπίπτουσαι
1203 1652 1358 1716 ὄψεις

195 1742 289 1794 διὰ
342 1751 453 1795 τῶν
509 1743 579 1809 Γ,
627 1746 682 1793 Δ
733 1743 973 1810 σημείων
1024 1739 1356 1794 ἐλεύσονται.

195 1829 228 1898 ἢ
280 1830 385 1901 γὰρ
440 1830 716 1900 τριγώνου
770 1837 870 1882 τοῦ
918 1833 1261 1882 ΒΔΛΚΓΒ
1320 1829 1354 1899 ἡ

107 1930 165 1971 20
195 1922 310 1972 KA
370 1921 567 1989 μείζων
627 1918 697 1971 ἂν
756 1914 827 1987 ἦν
879 1926 975 1988 τῆς
1029 1921 1158 1971 ΓΛ·
1219 1919 1354 1973 ὑπό-

195 2028 370 2062 κειται
409 2005 470 2061 δὲ
501 2006 593 2061 καὶ
626 2012 731 2076 ἴση.
794 2007 1002 2061 οὐκοῦν
1032 2009 1094 2061 τὸ
1128 2011 1230 2062 ΓΔ
1260 2009 1369 2063 ὑπὸ
1399 2013 1676 2064 πλειόνων
1707 2012 1891 2075 ὄψεων

196 2098 391 2168 ὁρᾶται
430 2097 567 2167 ἤπερ
607 2098 669 2150 τὸ
710 2099 838 2150 ΚΛ.
910 2096 1300 2169 ἀκριβέστερον
1339 2100 1446 2170 ἄρα
1485 2101 1787 2169 φανήσεται
1825 2100 1890 2154 τὸ,

198 2189 302 2240 ΓΔ
346 2194 446 2239 τοῦ
485 2188 613 2238 ΚΛ·
667 2186 734 2238 τὰ
779 2186 884 2256 γὰρ
922 2185 1031 2239 ὑπὸ
1071 2190 1343 2241 πλειόνων
1381 2198 1601 2256 γωνιῶν
1639 2188 1892 2259 ὁρώμενα

198 2273 588 2346 ἀκριβέστερον
626 2277 897 2344 φαίνεται.

110 2391 166 2431 25
1011 2378 1081 2447 γ’.
1901 2419 1904 2464 Ι,

297 2468 568 2522 Ἐκαστον
597 2478 710 2521 τῶν
741 2467 1038 2539 ὁρωμένων
1070 2471 1176 2538 ἔχει
1209 2488 1261 2522 τι
1291 2476 1462 2539 μῆκος
1495 2469 1904 2541 ἀποστήματος,

201 2554 268 2611 οὗ
308 2560 607 2628 γενόμενον
646 2555 829 2610 οὐκέτι
867 2557 1075 2628 ὁρᾶται.
1897 2606 1899 2612 .

313 2648 448 2699 ἑστω
503 2647 610 2717 γαρ
657 2647 803 2715 ὄμμα
849 2644 950 2715 μὲν
995 2648 1056 2700 τὸ
1104 2651 1176 2716 Β,
1230 2647 1513 2719 ὁρώμενον
1559 2646 1619 2701 δὲ
1664 2650 1725 2702 τὸ
1774 2651 1887 2702 ΓΔ.

201 2733 343 2803 φημὶ
390 2736 483 2804 δή,
539 2735 623 2789 ὅτι
669 2736 730 2788 τὸ
779 2737 880 2788 ΓΛ
935 2738 995 2789 ἔν
1041 2756 1151 2789 τινι
1206 2736 1544 2807 ἄποστήματι
1591 2739 1888 2806 γενόμενον

1833 1616 1884 1666 Δ

1663 1877 1720 1924 B

321 2857 360 2895 3.
395 2850 601 2908 γίνοιντο
632 2851 763 2908 Van,
803 2849 956 2908 γίνετο
990 2867 1031 2896 V.
1154 2856 1194 2896 8.
1227 2851 1606 2910 περιφερομένων
1637 2868 1696 2895 m.
1819 2854 1871 2896 11

205 2909 385 2967 ἔγγειον
418 2911 472 2967 V,
514 2925 627 2955 corr.
661 2926 719 2955 m.
756 2916 802 2966 13
851 2911 966 2955 item
996 2911 1078 2956 lin.
1115 2916 1181 2956 13.
1322 2918 1389 2956 12.
1425 2913 1654 2970 ὁρώμενα]
1688 2926 1800 2955 corr.
1833 2923 1859 2956 θ
