1904 3184
281 86 347 126 IN
378 85 730 127 OPTICORUM
759 86 1187 130 RECENSIONEM
1218 88 1495 131 THEONIS.
1619 87 1726 140 259

39 197 198 272 ᾗῦσα,
236 203 270 273 ἡ
309 205 416 275 ἄρα
455 203 561 257 ἀπὸ
600 211 701 257 τοῦ
735 207 790 257 Γ
816 205 956 275 πρὸς
990 204 1168 276 ὀρθὰς
1198 205 1437 276 ἀγομένη
1470 209 1620 260 ἔσται
1653 209 1726 271 ὡς

38 284 232 364 §PM
290 293 505 346 τούτων
536 289 598 345 δὲ
629 292 806 355 οὕτως
837 292 1077 361 ἐχόντων
1110 295 1461 364 δειχθήσεται
1493 294 1526 363 ἡ
1554 299 1661 348 ZA
1669 301 1734 349 N

37 380 358 452 ,περιφέρεια
396 384 593 451 μείζων
631 389 728 451 τῆς
767 381 869 441 ΞΒ
916 386 1268 454 περιφερείας
1314 383 1372 436 ἐκ
1415 391 1516 436 τοῦ
1553 402 1726 455 παρα-

37 469 293 540 κειμένου
348 473 626 540 λήμματος
679 477 779 523 τοῦ
835 470 895 524 ἐν
945 480 1019 544 τῷ
1069 470 1124 524 δ’
1162 474 1480 544 θεωρήματι
1525 480 1624 526 τοῦ
1670 473 1725 541 γ’

35 561 256 631 βιβλίου
280 569 392 613 τῶν
416 564 773 631 Σφαιρικῶν·
807 565 929 623 ἴσας
951 562 1055 631 γὰρ
1081 565 1431 633 περιφερείας
1456 561 1725 632 άφαιροῦ-
1787 574 1812 614 5

37 661 130 707 σιν
182 650 244 702 αἱ
291 649 533 702 κάθετοι.
626 650 766 702 ὥστε
818 647 910 702 καὶ
957 653 1132 717 γωνία
1182 650 1215 719 ἡ
1264 655 1322 703 Σ
1369 653 1565 720 μείζων
1594 650 1726 707 ,ἐστὶ

34 743 133 806 ’τῆς
173 741 237 790 Φ.
315 739 452 792 ὥστε
490 736 582 791 καὶ
619 737 653 806 ἡ
697 742 805 790 ΖΔ
845 740 1043 807 μείζων
1083 740 1386 808 φανήσεται
1424 747 1520 809 τῆς
1559 743 1674 794 ΓΒ.

42 834 57 876 3
145 842 231 894 21.
301 841 381 894 Τὸ
428 841 562 895 αὐτὸ
613 842 877 912 θεώρημα
931 844 992 895 ἔν
1038 855 1149 894 τισι
1203 851 1313 895 τῶν
1361 843 1720 914 ἀντιγράφων

35 928 259 1000 εὕρηται
297 930 494 992 οὕτως·
545 931 612 983 τὰ
653 935 745 984 ἶσα
784 929 991 1000 μεγέθη
1033 929 1120 984 ἐπὶ
1159 939 1255 1000 τῆς
1294 932 1462 1001 αὐτῆς
1500 932 1723 996 εὐθείας

34 1016 167 1072 ὄντα
211 1015 302 1070 καὶ
346 1018 419 1086 μὴ
468 1016 661 1087 ἐφεξῆς
706 1017 966 1086 ἀλλήλοις
1010 1021 1231 1088 κείμενα
1275 1021 1471 1074 ἄνισον
1509 1022 1720 1091 διεστη-
1754 1033 1809 1074 10

30 1107 164 1161 κότα
202 1113 301 1158 τοῦ
340 1104 581 1175 ὄμματος
620 1108 785 1161 ἄνισα
826 1110 1097 1176 φαίνεται.

141 1197 386 1248 ἔστωσαν
431 1197 534 1249 δύο
581 1196 788 1266 μεγέθη
836 1198 902 1250 τὰ
948 1203 1002 1250 A
1011 1200 1058 1249 Β
1069 1237 1084 1266 ,
1125 1199 1227 1250 ΓΔ
1274 1196 1360 1250 ἐπὶ
1407 1206 1503 1267 τῆς
1549 1199 1718 1269 αὐτῆς

33 1283 253 1347 εὐθείας
290 1292 386 1353 τῆς
424 1290 533 1338 ΑΔ
570 1287 643 1355 μὴ
685 1284 879 1356 ἐφεξῆς
918 1285 1177 1355 ἀλλήλοις
1216 1285 1351 1339 ὄντα
1392 1286 1484 1340 καὶ
1522 1289 1719 1342 ἄνισον

31 1369 348 1441 διεστηκότα
387 1373 493 1428 ἀπὸ
532 1382 631 1427 τοῦ
672 1373 914 1445 ὄμματος
952 1382 1051 1428 τοῦ
1083 1379 1149 1444 Ε,
1188 1374 1280 1428 καὶ
1309 1377 1717 1448 προσπιπτέτω-

30 1472 135 1517 Coev
173 1461 388 1526 ἀκτῖνες
425 1465 487 1516 αἱ
520 1468 648 1533 ΕΑ,
680 1469 818 1534 ΕΔ,
856 1463 947 1517 καὶ
988 1467 1125 1518 ἔστω
1165 1467 1361 1534 μείζων
1398 1465 1432 1533 ἡ
1473 1469 1583 1519 ΕΑ
1622 1474 1718 1536 τῆς
1750 1478 1804 1518 15

14 1552 159 1620 AM,
195 1549 286 1604 καὶ
318 1551 463 1623 ὀρθὴ
495 1553 529 1622 ἡ
561 1553 669 1607 ὑπὸ
701 1558 889 1607 ΕΔΑ.
952 1553 1110 1623 λέγω,
1151 1554 1234 1608 ὅτι
1273 1555 1306 1624 ἡ
1341 1558 1443 1608 ΓΔ
1481 1563 1577 1625 τῆς
1607 1559 1715 1609 ΑΒ

29 1642 223 1710 μείζων
246 1643 565 1710 φανήσεται.
611 1642 1103 1714 προσπιπτέτωσαν
1131 1642 1346 1707 ἀκτῖνες
1369 1645 1431 1697 αἱ
1449 1648 1572 1714 ΕΒ,
1596 1648 1716 1714 ΕΓ,

29 1726 120 1786 122
154 1731 584 1801 περιγεγράφθω
624 1731 750 1802 περὶ
785 1733 847 1786 τὸ
880 1737 1056 1785 ΑΕΔ
1094 1733 1295 1796 κύκλος
1334 1730 1363 1785 ὁ
1395 1737 1585 1802 ΑΕΔ,
1623 1732 1715 1787 καὶ

14 1801 629 1891 Υκροσεκβεβλήσθωσαν
668 1822 729 1874 αι
763 1825 888 1891 ΕΒ,
918 1824 1034 1874 ΕΓ
1063 1821 1280 1874 εὐθεῖαι
1321 1819 1407 1874 ἐπὶ
1446 1823 1512 1875 τα
1546 1826 1607 1891 Ζ,
1639 1827 1712 1892 H

14 1898 119 1988 ἱεἰμὶ
156 1907 538 1962 ἀνεστάτωσαν
570 1908 678 1963 ἀπὸ
719 1919 832 1963 τῶν
864 1914 929 1979 Β,
955 1913 1009 1963 Γ
1040 1913 1301 2006 σημείων
1311 1920 1431 1974 ταῖς
1461 1914 1715 1980 ΑΒΓΔ
1746 1923 1803 1963 20

26 1996 164 2069 nobs-‚⁵
199 1996 376 2068 ὀρθὰς
413 2001 618 2066 γωνίας
655 2000 717 2052 αί
745 2003 870 2068 ΒΘ,
906 2003 1027 2053 ΓΚ.
1091 1997 1206 2053 ἐπεὶ
1238 1996 1341 2054 οὗν
1372 2001 1434 2052 αι
1461 2004 1586 2069 ΑΒ,
1614 2004 1714 2054 ΓΔ

31 2086 143 2141 ἴσαι
179 2087 344 2156 εἰσίν,
398 2086 537 2140 ἀλλὰ
579 2086 671 2140 καὶ
719 2089 781 2141 αἱ
814 2092 947 2158 ΒΘ,
989 2092 1119 2158 ΓΚ,
1174 2089 1248 2151 ὡς
1295 2087 1566 2158 δείξομεν,
1620 2088 1712 2142 καὶ

13 2176 199 2241 ςγωνία
250 2174 283 2244 ἡ
330 2175 439 2229 ὑπὸ
486 2180 657 2230 ΑΒΘ
703 2180 878 2250 γωνίᾳ
923 2186 988 2248 τῇ
1033 2177 1142 2231 ὑπὸ
1182 2182 1237 2230 Δ
1248 2180 1359 2231 ΓΚ
1408 2176 1556 2231 ἐστιν
1604 2183 1711 2248 ἴση,

142 2294 212 2335 21.
252 2306 303 2349 q,
351 2291 569 2336 similiter
598 2292 804 2336 M¹RFu
836 2293 911 2350 (τὸ
946 2293 995 2351 η’
1030 2293 1176 2345 ἄλλως
1213 2288 1330 2351 M¹);
1378 2295 1450 2338 est
1489 2295 1582 2351 opt.
1615 2296 1709 2339 uei).

146 2472 187 2514 4.
218 2468 419 2526 λήματος
449 2470 505 2526 V,
545 2484 659 2515 corr.
692 2486 751 2514 m.
785 2484 875 2516 rec.
1018 2471 1107 2515 Pro
1140 2475 1283 2515 8—-11
1317 2471 1386 2515 M¹
1396 2471 1497 2516 Ru.
1540 2470 1589 2516 ἔν
1621 2486 1710 2516 τισι

27 2530 119 2573 ‘th
146 2527 446 2586 ἀντιγράφων
479 2528 611 2586 (μετὰ
641 2529 726 2587 τὴν
757 2529 983 2585 πρότασιν
1015 2530 1122 2575 add.
1156 2531 1253 2587 Ru)
1292 2530 1383 2589 ἔχει
1413 2530 1442 2587 ἡ
1474 2537 1555 2575 τοῦ
1586 2534 1708 2576 θεω-

30 2582 228 2643 ρήματος
266 2587 451 2640 ἔκθεσις
494 2589 576 2633 καὶ
622 2589 765 2642 δεῖξις
811 2588 955 2641 οὕτως
994 2588 1139 2645 (ουτω
1177 2590 1303 2647 Ru);
1312 2548 1431 2634 xiid.
1473 2590 1604 2634 codd.
1646 2590 1708 2634 ad

29 2644 354 2703 Μρωτέρω..
374 2683 384 2692 .
415 2646 615 2693 τεθέντα
648 2648 755 2692 add.
788 2666 856 2706 γρ.
889 2649 971 2694 καὶ
1003 2652 1108 2705 (οιιι.
1134 2649 1238 2706 Ru)
1278 2648 1339 2706 μὴ
1373 2648 1559 2723 ἐφεξῆς
1569 2649 1706 2706 ἀλλή-

29 2702 125 2757 lue
150 2704 347 2752 τεθέντα
378 2707 460 2752 καὶ
484 2707 650 2753 ἄνισον
675 2707 947 2766 διεστηκότα
970 2715 1052 2754 τοῦ
1080 2708 1282 2765 ὄμματος
1305 2707 1446 2753 ἄνισα
1470 2706 1703 2764 φαίνεται.

62 2765 172 2814 1-·ξω
195 2764 303 2811 ἔστω
341 2767 426 2811 δύο
468 2766 545 2811 ἰσα
584 2767 778 2812 MRFu.
934 2772 1000 2813 19.
1043 2767 1095 2812 αἱ
1126 2794 1182 2800 -
1216 2768 1288 2826 H]
1328 2775 1431 2818 ταῖς
1472 2770 1582 2823 ΕΒ,
1616 2770 1712 2812 ΕΓ

14 2818 235 2876 ’θείαις
265 2826 449 2871 εὐθεῖαι
478 2826 531 2871 αἱ
567 2830 670 2883 ΒΖ,
697 2830 794 2871 ΓΗ
820 2827 1015 2872 MRFu.
1154 2831 1223 2871 22.
1258 2825 1344 2870 εἰσί
1376 2841 1417 2882 q.
1549 2832 1618 2871 23.
1652 2827 1702 2886 ἡ]

27 2882 90 2941 v}
108 2879 303 2930 HRFu
424 2886 593 2945 ΑΓΚ]
625 2889 772 2930 ΑΓΗ
798 2886 886 2932 Fu.
1010 2885 1152 2944 ἐστιν]
1186 2900 1273 2931 om.
1307 2886 1502 2932 MRFu.

1354 2961 1436 3005 17¹⁵ss
