1904 3184
147 90 254 143 100
714 91 999 133 Encmms
1031 91 1263 136 OPTICA.
1874 0 1904 232 1

939 262 1005 312 με
1030 283 1043 296 .
1893 266 1904 323 ,-

238 345 397 398 ’Έστι
429 364 513 407 τις
545 346 711 407 τόπος
740 348 942 415 κοινός,
983 345 1082 415 ἀφ’
1111 343 1179 401 οὗ
1210 347 1277 400 τὰ
1309 348 1474 401 ἄνισα
1505 345 1711 418 μεγέθη
1747 352 1845 400 ἶσα
1894 348 1898 355 ’

146 436 417 504 φαίνεται.

259 525 396 576 ἔστω
438 524 543 593 γὰρ
584 525 782 592 μείζων
821 522 854 592 ἡ
889 527 1002 577 ΒΓ
1030 533 1126 594 τῆς
1159 528 1275 594 ΓΔ,
1314 524 1404 579 καὶ
1436 524 1562 598 περὶ
1599 524 1700 596 μὲν
1738 527 1839 595 τὴν
1902 543 1904 546 ’

88 620 114 660 5
147 615 262 665 ΒΓ
290 614 474 681 μεῖζον
511 611 842 681 ἡμικυκλίου
882 621 1063 683 τμῆμα
1101 615 1430 685 γεγράφθω,
1473 613 1598 686 περὶ
1639 611 1699 668 δὲ
1738 616 1839 685 τὴν

149 704 250 754 ΓΔ
290 701 484 770 ὅμοιον
524 709 599 773 τῷ
638 700 765 771 περὶ
803 703 906 771 τὴν
944 705 1066 772 ΒΓ,
1108 702 1358 757 τουτέστι
1398 705 1696 774 δεχόμενον
1733 724 1838 772 γω-

146 792 276 843 νίαν
323 794 450 858 ἴσην
488 797 554 860 τῇ
598 789 657 843 ἐν
694 798 770 863 τῷ

150 881 325 931 ΒΖΓ.
379 886 640 947 τεμοῦσιν
664 880 771 950 ἄρα

149 969 358 1036 ἄλληλα
403 968 470 1020 τὰ
508 970 770 1038 τμήματα.

62 1064 119 1105 10
150 1055 494 1126 τεμνέτωσαν
534 1059 672 1110 κατὰ
710 1059 772 1111 τὸ

154 1150 216 1215 Ζ,
239 1143 332 1199 καὶ
358 1146 773 1215 ἐπεζεύχθωσαν

151 1236 213 1288 αἱ
276 1239 403 1304 ΖΒ,
469 1237 593 1304 ΖΓ,
658 1240 773 1289 ΖΛ.

152 1325 359 1378 οὐκοῦν
451 1323 567 1378 ἐπεὶ
660 1330 774 1378 ἴσαι
1899 1389 1901 1395 ⁴

153 1412 295 1468 εἰσὶν
326 1415 388 1467 αἱ
417 1413 478 1467 ἐν
510 1423 627 1477 τοῖς
658 1413 869 1483 ὁμοίοις
899 1415 1137 1483 τμήμασι
1176 1415 1374 1481 γωνίαι
1413 1412 1690 1481 ἀλλήλαις,
1731 1417 1842 1466 ἴσαι
1896 1468 1904 1483 „

68 1510 122 1550 15
154 1501 261 1556 εἰσὶ
298 1501 390 1556 καὶ
430 1504 492 1556 αἰ
526 1503 587 1557 έν
626 1513 741 1566 τοῖς
772 1505 949 1571 ΒΖΓ,
984 1505 1141 1556 ΓΖΛ
1178 1504 1418 1572 τμήμασι
1453 1505 1649 1570 γωνίαι
1682 1500 1844 1570 ἀλλή-

156 1596 291 1655 λαις.
364 1593 430 1646 τὰ
471 1590 532 1646 δὲ
569 1591 678 1646 ὑπὸ
720 1597 857 1646 ἴσων
894 1601 1116 1660 γωνιῶν
1154 1591 1405 1661 ὁρώμενα
1446 1596 1537 1644 ἴσα
1576 1594 1846 1660 φαίνεται.

155 1688 255 1734 τοῦ
287 1683 393 1752 ἄρα
426 1683 665 1751 ὄμματος
688 1680 984 1750 τιθεμένου
1026 1679 1114 1735 ἐπὶ
1151 1688 1251 1734 τοῦ
1294 1685 1338 1733 Ζ
1378 1683 1606 1750 σημείου
1649 1685 1737 1749 ἴση
1777 1680 1847 1734 ἂν

157 1772 414 1840 φαίνοιτο
454 1771 487 1839 ἡ
528 1773 642 1823 ΒΓ
680 1778 742 1841 τῇ
784 1773 900 1823 ΓΔ.
977 1772 1091 1823 ἔστι
1139 1767 1199 1823 δὲ
1245 1772 1455 1840 μείζων.
1547 1772 1697 1823 ἔστιν
1742 1771 1847 1839 ἄρα

157 1861 324 1922 τόπος
360 1853 570 1928 κοινός,
610 1858 709 1929 ἀφ’
746 1855 813 1913 οὗ
851 1860 918 1912 τὰ
956 1861 1121 1912 ἄνισα
1159 1858 1366 1929 μεγέθη
1410 1864 1500 1912 ἴσα
1539 1862 1809 1929 φαίνεται.

69 2013 126 2055 20
953 2006 1063 2078 μς’.
1268 2010 1294 2048 “

270 2108 401 2163 Εἰσὶ
440 2113 618 2180 τόποι,
658 2109 747 2181 ἐφ’
784 2111 882 2175 οὓς
920 2119 1020 2165 τοῦ
1052 2114 1292 2182 ὄμματος
1322 2110 1752 2182 μετατιθεμένου
1783 2111 1849 2164 τὰ

163 2203 253 2252 ἴσα
292 2197 500 2268 μεγέθη
546 2197 638 2252 καὶ
677 2200 816 2270 πρὸς
854 2199 1031 2271 ὀρθὰς
1070 2202 1203 2254 ὄντα
1241 2208 1317 2273 τῷ
1357 2199 1696 2273 ὑποκειμένῳ
1737 2199 1849 2254 ἐπι-

160 2286 308 2361 πέδῳ
348 2285 479 2342 ποτὲ
518 2286 618 2358 μὲν
661 2293 767 2358 ἴσα,
806 2286 937 2342 ποτὲ
977 2286 1037 2343 δὲ
1077 2291 1241 2343 ἄνισα
1279 2292 1549 2360 φαίνεται.

273 2378 410 2430 ἔστω
453 2382 544 2431 ἴσα
582 2376 790 2448 μεγέθη
829 2379 897 2431 τὰ
928 2383 982 2432 A
992 2383 1055 2448 Β,
1089 2382 1191 2432 ΓΔ
1228 2380 1366 2450 πρὸς
1404 2378 1581 2450 ὀρθὰς
1612 2380 1744 2432 ὄντα
1775 2386 1850 2451 τῷ

73 2474 130 2514 25
162 2464 502 2539 ὑποκειμένῳ
543 2465 796 2539 ἐπιπέδῳ.
859 2466 1017 2537 λέγω,
1057 2468 1140 2522 ὄτι
1173 2470 1287 2522 ἔστι
1317 2487 1401 2531 τις
1430 2470 1612 2537 τόπος,
1652 2464 1720 2521 οὗ
1750 2474 1851 2521 τοῦ

165 2555 405 2624 ὄμματος
435 2554 693 2619 τεθέντος
724 2557 790 2609 τὰ
817 2561 871 2609 Α
880 2560 945 2626 Β,
972 2559 1073 2610 ΓΔ
1105 2562 1196 2610 ἴσα
1220 2559 1490 2626 φαίνεται.
1545 2556 1850 2626 ἐπεζεύχθω

287 2721 325 2760 1.
361 2716 457 2775 με’]
493 2731 581 2762 om.
615 2731 657 2773 v,
698 2717 775 2764 νς’
802 2717 856 2774 V,
898 2717 976 2762 νδ’
1001 2732 1061 2763 m.
1096 2722 1121 2761 2
1152 2717 1260 2762 Vat.
1390 2722 1430 2763 4.
1463 2717 1567 2777 τήν]
1600 2725 1691 2762 τῶν
1723 2733 1766 2774 v,
1806 2719 1853 2761 eb

166 2775 289 2831 vat„
323 2789 436 2820 corr.
470 2791 528 2821 m.
557 2781 596 2820 2.
719 2780 759 2822 5.
793 2778 966 2835 μεῖζον]
1000 2790 1113 2821 corr.
1140 2790 1195 2821 ex
1226 2774 1390 2834 μείζων
1420 2792 1481 2821 m.
1514 2782 1540 2821 2
1573 2777 1626 2822 V.
1748 2777 1852 2834 ἡμι-

115 2833 120 2838 “
166 2834 358 2879 κύκλιον
388 2834 512 2892 vat„
546 2849 692 2892 comp.
726 2851 768 2880 v.
908 2842 946 2881 8.
982 2837 1144 2895 ΒΖΓ]
1178 2852 1220 2893 v,
1252 2852 1311 2881 m.
1348 2841 1371 2880 1
1404 2836 1535 2892 Vat.;
1578 2839 1710 2880 ΒΓΖ
1740 2837 1850 2892 Vm,

166 2908 226 2938 m.
261 2898 286 2936 2
319 2894 425 2939 Vah.
550 2894 662 2954 ἄρα]
696 2908 785 2940 om.
809 2895 968 2940 Vat.v.
1094 2901 1162 2940 10.
1195 2893 1392 2952 τεμνέτω
1423 2896 1547 2953 Vat„
1580 2909 1693 2941 corr.
1726 2911 1784 2941 m.
1813 2900 1852 2940 2.
