1904 3184
86 565 113 605 5

61 1071 117 1110 10

63 1519 118 1559 15

62 1966 120 2005 20

64 2410 120 2450 25

142 373 489 427 πιπτέτωσαν
535 375 690 439 ὄψεις
739 375 801 428 αἱ
843 378 969 443 ΒΔ,
1010 378 1135 443 BA,
1176 377 1310 442 ΒΚ,
1396 347 1444 396 Γ

146 75 252 128 160
492 76 844 119 OPTICORUM
874 77 1173 119 REOENSIO
1205 76 1482 119 THEONIS.

254 198 391 249 ἔστω
446 196 551 267 γὰρ
608 201 731 249 ἴσον
783 197 845 249 τὸ
901 198 1002 248 ΓΔ
1054 203 1130 268 τῷ
1179 198 1309 264 ΚΛ,
1389 215 1463 264 1(
1783 209 1839 260 Α

144 287 290 355 ὄμμα
341 282 402 338 δὲ
448 287 585 338 ἔστω
632 286 694 338 τὸ
743 288 815 354 Β,
870 283 967 354 ἀφ’
1019 281 1087 338 οὗ
1140 299 1336 355 προσ-.

1781 376 1830 426 Δ

1893 362 1904 532 ..ᾳ-,ιμ-
1895 325 1904 356 -π

145 467 264 517 ΒΓ.
314 464 520 517 οὐκοῦν
543 465 606 517 τὸ
634 466 735 517 ΓΔ
773 464 882 517 ὑπὸ
917 467 1164 533 μείζονος
1204 484 1309 532 γω-

145 556 269 616 νίας
306 553 500 623 ὁρᾶται
538 554 675 623 ἤπερ
707 554 768 606 τὸ
803 556 938 606 ΚΛ·
982 556 1164 623 μεῖζον
1204 555 1309 622 ἄρα

147 645 403 711 φαίνεται
442 643 503 695 τὸ
545 645 646 695 ΓΔ
684 650 784 696 τοῦ
823 645 952 696 ΚΛ.
1609 634 1668 682 B

961 791 1030 848 ς’.

267 882 345 933 Τὰ
391 881 714 952 παράλληλα
767 890 880 934 τῶν
927 881 1313 950 διαστημάτων
1360 879 1414 945 ἐξ
1462 881 1843 951 ἀποστήματος

147 969 399 1040 ὁρώμενα
438 970 777 1039 ἀνισοπλατῆ
818 973 1091 1039 φαίνεται.

261 1061 397 1113 ἔστω
446 1060 551 1130 γὰρ
598 1061 660 1114 τὸ
709 1062 821 1112 ΒΓ
868 1068 943 1132 τῷ
992 1063 1104 1112 ΔΖ
1150 1060 1506 1130 παράλληλον
1554 1059 1842 1129 διάστημα,

149 1150 294 1218 ὄμμα
328 1146 388 1202 δὲ
421 1151 557 1203 ἔστω
590 1149 651 1203 τὸ
678 1152 743 1202 Κ.
808 1148 966 1217 λέγω,
999 1149 1083 1203 ὅτι
1115 1150 1181 1202 τὰ
1214 1152 1334 1218 ΒΓ,
1360 1154 1414 1202 A
1426 1152 1470 1201 Z
1503 1148 1840 1218 ἀνισοπλατῆ

150 1240 422 1308 φαίνεται,
459 1237 550 1291 καὶ
590 1241 774 1308 μεῖζον
813 1236 895 1291 ἀεὶ
935 1238 997 1291 τὸ
1038 1240 1226 1306 ἔγγιον
1266 1238 1538 1308 διάστημα
1576 1245 1676 1291 τοῦ
1707 1256 1841 1308 πορ-

150 1327 408 1397 ρώτερον.

259 1415 751 1486 προσπιπτέτωσαν
806 1416 1020 1480 ἀκτῖνες
1073 1418 1135 1470 αἱ
1177 1417 1308 1486 ΚΞ,
1349 1420 1485 1485 ΚΛ,
1525 1420 1667 1485 ΚΠ,
1707 1419 1842 1485 ΚΝ,
1884 1430 1887 1434 ’

151 1508 278 1575 ΚΒ,
310 1509 441 1575 ΚΛ,
480 1504 571 1559 καὶ
605 1506 1023 1576 ἐπεζεύχθωσαν
1054 1506 1270 1560 εὐθεῖαι
1302 1508 1364 1560 αἱ
1393 1506 1516 1574 ΞΛ,
1548 1510 1687 1574 ΠΝ,
1721 1509 1840 1558 BA.
1888 1510 1904 1596 1

150 1594 265 1649 ἐπεὶ
319 1592 423 1650 οὗν
469 1599 666 1665 μείζων
713 1594 863 1650 ἐστὶν
912 1595 945 1665 ἡ
993 1595 1101 1650 ὑπὸ
1150 1596 1318 1657 ΞΚΛ
1372 1598 1547 1664 γωνία
1592 1603 1689 1664 τῆς
1734 1594 1842 1648 ὑπὸ
1888 1588 1904 1642 '5

150 1688 213 1737 Π
217 1687 343 1738 ΚΝ
374 1687 596 1753 γωνιάς,
634 1687 833 1754 μείζων
871 1686 978 1755 ἄρα
1017 1688 1274 1755 φαίνεται
1312 1683 1403 1738 καὶ
1439 1685 1472 1754 ἡ
1505 1684 1612 1746 ΞΛ
1650 1684 1843 1737 εὐθεῖα
1885 1690 1904 1761 [f

150 1781 246 1842 τῆς
285 1777 422 1827 ΠΝ.
502 1774 595 1827 διὰ
633 1774 699 1827 τὰ
739 1774 879 1827 αὐτὰ
925 1775 993 1843 δὴ
1040 1772 1132 1827 καὶ
1171 1773 1204 1843 ἡ
1245 1778 1376 1828 ΠΝ
1414 1774 1607 1827 εὐθεῖα
1645 1775 1843 1842 μείζων
1892 1783 1904 1831 ’·,

151 1865 407 1932 φαίνεται
438 1871 534 1932 τῆς
566 1866 671 1916 ΒΔ
709 1863 947 1926 εὐθείας.
1010 1861 1191 1917 οὐκέτι
1232 1859 1335 1917 οὖν
1366 1862 1674 1933 ὀφθήσεται
1706 1880 1843 1932 παρ·
1892 1868 1897 1891 ³

152 1951 361 2020 άλληλα
391 1953 458 2005 τὰ
483 1954 839 2022 διαστήματα,
872 1951 993 2006 ἀλλ’
1014 1954 1092 2015 εἰς
1116 1954 1341 2006 ἔλαττον
1372 1950 1464 2007 καὶ
1489 1951 1841 2019 ἀνισοπλατῆ.
1889 1956 1895 2023 J

150 2041 218 2093 τὰ
265 2041 371 2111 ἄρα
416 2041 739 2111 παράλληλα
786 2051 898 2095 τῶν
938 2041 1322 2111 διαστημάτων
1369 2039 1422 2105 ἐξ
1462 2039 1843 2109 ἀποστήματος

152 2130 403 2200 ὁρώμενα
443 2129 780 2200 ἀνισοπλατῆ
820 2133 1091 2200 φαίνεται.
1130 2172 1131 2175 ¹
1886 2191 1897 2196 ‚y

265 2220 409 2273 οὕτω
461 2219 586 2290 μέν,
641 2222 692 2273 εί
735 2219 794 2273 ἐν
848 2228 924 2293 τῷ
971 2220 1120 2292 αὐτῷ
1168 2218 1404 2291 ἐπιπέδῳ
1459 2219 1521 2272 τὸ
1568 2220 1715 2288 ὄμμα
1765 2225 1840 2289 τῷ
1885 2261 1889 2291 3

153 2307 412 2382 ὁρωμένῳ
444 2308 641 2378 κέοιτο,
673 2312 724 2363 εἰ
745 2307 806 2362 δὲ
830 2312 1232 2381 μετεωρότερον
1263 2313 1346 2377 εἴη
1370 2309 1431 2362 τὸ
1457 2310 1619 2378 ὄμμα,
1651 2307 1841 2370 οὕτως.
1876 2308 1883 2383 J

265 2401 400 2452 ἔστω
440 2399 546 2468 γὰρ
585 2399 646 2452 τὸ
687 2401 756 2466 Κ,
794 2396 884 2451 καὶ
923 2399 1081 2468 ἤχθω
1123 2397 1228 2451 ἀπὸ
1268 2404 1368 2450 τοῦ
1400 2399 1457 2449 Κ
1492 2393 1581 2449 ἐπὶ
1611 2396 1675 2449 τὸ
1705 2395 1842 2449 ὑπο-
1885 2423 1889 2427 ·

152 2491 405 2558 κείμενον
445 2488 706 2541 ἐπίπεδον
743 2487 978 2550 κάθετος
1015 2487 1048 2556 ἡ
1089 2489 1228 2554 ΚΑ,
1276 2486 1382 2539 ἀπὸ
1422 2482 1483 2538 δὲ
1521 2492 1621 2537 τοῦ
1661 2489 1714 2537 A
1753 2482 1841 2538 ε’πὶ
1902 2504 1904 2543 5

153 2579 255 2647 τὴν
297 2581 404 2630 ΖΛ
443 2577 475 2646 ἡ
516 2580 651 2630 AM
680 2574 771 2629 καὶ
811 2575 1164 2645 ἐκβεβλήσθω
1206 2573 1294 2628 ε’πὶ
1333 2575 1394 2628 τὸ
1438 2578 1502 2642 O,
1541 2571 1633 2626 καὶ
1671 2587 1840 2643 προσ-
1900 2598 1904 2663 5

274 2714 342 2753 10.
376 2709 485 2767 AZ]
523 2711 558 2751 Ζ
589 2721 702 2752 corr.
735 2706 786 2750 in
819 2710 859 2751 E
894 2722 952 2751 m.
986 2719 1074 2750 ree.
1108 2706 1163 2750 V.
1317 2709 1384 2749 11.
1419 2704 1541 2748 Ante
1574 2704 1698 2761 ὄμμα
1731 2703 1838 2748 add.
1897 2706 1904 2731 Ἰ

152 2767 211 2812 τὰ
242 2766 294 2813 δὲ
326 2766 596 2825 παράλληλα
626 2765 685 2810 τὰ
716 2768 821 2822 ΞΛ,
849 2769 966 2822 ΠΝ,
991 2770 1071 2810 ΒΔ
1102 2766 1157 2810 V.
1282 2769 1350 2808 12.
1386 2763 1563 2821 ἔγγειον
1595 2764 1648 2808 V.
1770 2767 1838 2807 14.
1896 2783 1897 2797 ³

154 2829 274 2887 ΚΞ]
308 2829 353 2876 Ξ
381 2841 494 2872 corr.
527 2827 576 2869 in
612 2830 647 2870 Z
676 2841 736 2870 m.
770 2840 859 2870 rec.
883 2826 947 2881 V3
979 2824 1096 2869 item
1124 2824 1206 2868 lin.
1242 2828 1311 2880 15,
1345 2827 1414 2880 16,
1450 2827 1517 2869 17.
1643 2827 1710 2867 16.
1743 2829 1841 2879 μεῖ-

156 2889 234 2940 ζον
266 2903 307 2931 v.
461 2886 630 2944 ΞΚΛ]
670 2887 759 2934 ΞΛ
792 2901 833 2931 v.
986 2882 1153 2943 γωνία]
1187 2883 1237 2927 in
1267 2897 1357 2928 ras,
1389 2898 1431 2927 v.
1583 2881 1675 2927 ὑπό
1700 2881 1863 2940 (alt.)].
