1904 3184
139 82 378 128 XXXVIII
755 44 1168 124 PROLEGOMEN
1170 81 1220 122 A.

140 202 349 260 positum
380 203 466 258 est,
497 213 596 244 rem
627 199 714 243 sub
747 197 962 255 quolibet
992 198 1166 256 angulo
1191 212 1285 242 non
1309 196 1473 252 uideri,
1506 195 1596 240 erit
1620 194 1831 252 accipere

142 269 351 326 aliquem
382 267 621 326 angulum,
655 266 742 310 sub
774 279 867 322 quo
900 277 1082 322 semper
1110 279 1205 308 non
1235 263 1425 308 uidetur
1454 275 1541 307 res.

261 335 324 380 sit
346 335 493 394 igitur
516 333 716 391 angulus
740 333 846 377 abd
868 330 1088 375 minimus
1113 330 1314 388 angulus
1341 329 1677 374 determinatus
1694 328 1832 373 uisui.
1896 382 1904 391 y·

1881 0 1904 174 1

143 403 390 460 elongetur
418 401 566 459 igitur
595 402 667 446 ad
703 398 855 456 magis
887 398 949 443 ab
983 398 1118 443 oculo
1151 401 1199 442 et
1229 413 1303 454 ec,
1343 410 1435 453 que
1466 395 1733 452 equedistet
1763 398 1835 441 ad
1899 439 1904 459 ,-

97 471 117 503 5
143 470 195 514 111
224 468 370 527 priori
403 468 510 525 situ‚
544 470 592 512 et
615 467 815 511 ducatur
845 467 902 512 be
930 467 1001 511 bc.
1050 464 1163 522 quia
1195 478 1305 522 ergo
1331 462 1530 522 angulus
1562 465 1652 508 ebc
1682 462 1836 507 minor

144 539 216 582 est
264 536 438 594 angulo
483 536 607 591 abd,
656 533 856 591 angulus
895 535 985 579 ebc
1027 546 1124 576 non
1169 531 1259 576 erit
1304 529 1641 574 determinatus
1695 528 1833 573 uisui.
1901 567 1904 569 .

144 617 290 660 quare
319 617 415 646 non
445 601 657 645 incident
687 599 818 644 uisus
850 600 912 644 ad
941 614 1008 645 ec.
1060 612 1204 655 quare
1234 612 1329 642 non
1361 596 1600 641 uidebitur
1631 611 1697 653 ec,
1731 609 1837 639 curn

142 669 351 727 positum
383 668 445 712 sit
475 667 526 711 in
555 672 597 712 4.
629 666 874 724 petitione,
906 680 962 710 ea
992 665 1165 722 uideri,
1199 665 1260 709 ad
1291 678 1381 721 que
1412 663 1542 707 uisus
1573 662 1756 719 incidit,
1789 665 1838 707 et

145 750 202 781 ea
232 750 329 780 non
358 734 524 790 uideri,
557 734 619 778 ad
651 747 740 789 que
771 732 901 777 uisus
931 747 1026 777 non
1050 731 1197 776 uadit.
1246 732 1317 776 da
1346 730 1493 788 igitur
1515 730 1661 774 habet
1684 728 1837 787 longi-

76 806 120 838 10
144 802 359 847 tudinem
398 800 562 858 spatii,
610 814 703 856 quo
742 799 868 844 facto
907 799 1004 844 iam
1036 813 1132 843 non
1163 797 1422 852 uidebitur3
1472 796 1598 853 quod
1630 798 1702 840 est
1731 810 1837 853 pro-

142 868 364 926 positum,
397 870 445 912 et
476 866 901 911 demonstrabimus
931 879 1016 923 per
1045 865 1131 910 issa
1165 901 1205 910 ..
1226 901 1264 910 ..
1298 878 1392 920 qua
1425 869 1464 908 2.
1653 904 1655 906 .

261 948 383 991 quae
423 935 702 990 sequuntur,
744 932 794 977 in
831 934 873 978 T
903 931 954 976 in
984 935 1117 976 textu
1149 934 1259 976 sunt
1288 933 1397 988 post
1426 930 1674 987 protasim,
1718 943 1838 986 quae

143 1003 240 1047 fere
272 1017 378 1047 cum
407 1003 457 1047 D
488 999 743 1046 consentit:

261 1091 391 1134 prop.
425 1080 474 1122 4:
525 1074 777 1132 Equalium
807 1073 1068 1119 uisibilium
1107 1086 1247 1130 super
1284 1086 1427 1116 unam
1465 1071 1640 1116 lineam
1674 1070 1838 1115 eodem
1898 1090 1904 1110 ι

78 1145 119 1178 15
142 1145 317 1201 puncto
336 1141 703 1198 coniunctorum,
714 1142 841 1198 quod
856 1140 1081 1186 remotius
1099 1143 1184 1196 est,
1195 1139 1349 1184 minus
1367 1151 1591 1197 apparere
1600 1140 1701 1195 (om.
1713 1136 1838 1193 DL).

260 1231 391 1274 prop.
426 1221 473 1262 5:
511 1216 818 1272 Inequalium‚
851 1216 978 1272 quod
1011 1213 1217 1272 propius,
1249 1211 1490 1257 uidebitur
1520 1210 1697 1267 maius,
1731 1223 1838 1253 cum

143 1298 305 1329 uersus
338 1284 536 1329 eandem
566 1284 862 1327 remoueatur
891 1284 1076 1339 partem
1105 1278 1389 1336 inequaliter
1419 1279 1512 1337 (L).

262 1372 392 1416 prop.
427 1362 474 1403 6:
523 1355 936 1413 Equedistantium
974 1354 1206 1399 linearum
1239 1353 1391 1411 magis
1422 1354 1656 1397 remotum
1685 1350 1839 1395 minus
1902 1391 1904 1394 .

147 1427 345 1483 apparet
374 1423 682 1469 interstitium
714 1423 804 1481 (L).

78 1496 121 1528 20
263 1506 393 1550 prop.
423 1498 468 1538 7:
508 1490 760 1548 Equalium
791 1489 1051 1547 spatiorum
1075 1501 1214 1546 super
1237 1486 1434 1532 eandem
1462 1485 1614 1530 basim
1639 1484 1841 1529 existen·
1899 1502 1904 1519 ··

144 1559 277 1617 tium,
310 1559 438 1616 quod
467 1557 776 1616 propinquius
809 1559 894 1614 est,
923 1555 1076 1600 maius
1107 1556 1354 1612 reputatur
1383 1555 1484 1611 (om.
1517 1553 1650 1610 DL).

264 1641 394 1684 prop.
422 1631 473 1671 9:
519 1625 761 1679 Quadrata
790 1637 874 1682 per
905 1621 1182 1667 distantiam
1206 1622 1436 1679 apparent
1459 1618 1664 1664 rotunda
1687 1619 1755 1675 (D
1765 1618 1841 1676 L).

265 1708 395 1752 prop.
444 1697 521 1739 10:
591 1693 754 1737 Partes
808 1689 1051 1735 inferiores
1104 1687 1236 1746 plani
1289 1686 1562 1732 remotiores
1620 1684 1842 1729 uidentur

149 1760 341 1806 altiores
373 1761 471 1818 (D).

82 1827 125 1861 25
265 1841 395 1885 prop.
433 1831 509 1872 11:
564 1825 863 1883 Superiorum
899 1823 1031 1882 plani
1079 1822 1339 1880 superiores
1378 1823 1537 1878 partes
1587 1818 1842 1864 secundum

149 1894 306 1939 uisum
337 1893 573 1938 declinare
606 1894 755 1952 (DL).

266 1975 396 2019 prop.
424 1965 501 2006 12:
542 1960 630 2004 Per
652 1973 899 2016 recessum,
932 1971 1023 2015 que
1048 1958 1212 2002 dextra
1236 1958 1358 2013 sunt,
1392 1954 1584 1999 sinistra
1607 1952 1842 2009 uidentur,

150 2041 240 2084 que
271 2041 383 2072 uero
417 2026 607 2071 sinistra
632 2028 754 2083 sunt,
787 2026 953 2070 dextra
980 2023 1228 2068 uisualiter
1252 2022 1381 2067 adire
1405 2035 1489 2079 per
1512 2022 1666 2065 totum
1690 2020 1757 2076 (D
1767 2019 1841 2076 L).

151 2147 155 2150 ⁵
267 2108 398 2151 prop.
426 2098 503 2139 13:
539 2092 792 2149 Equalium
817 2090 998 2148 equalis
1023 2089 1290 2135 altitudinis
1316 2089 1402 2134 sub
1429 2088 1564 2134 oculo
1587 2085 1844 2133 iacentium

83 2163 127 2196 30
150 2160 373 2206 remotius
404 2160 592 2204 uidetur
623 2159 766 2204 altius
798 2159 940 2218 (DL,
972 2173 1055 2204 om.
1088 2159 1165 2214 T).

273 2345 312 2384 1.
351 2340 468 2398 rem]
501 2351 599 2382 rem
628 2352 724 2382 non
754 2338 818 2383 D.
956 2335 1200 2394 quolibet]
1233 2347 1510 2390 quocunque
1542 2333 1605 2377 D.
1729 2332 1842 2390 non]
1895 2347 1899 2349 ’

152 2413 234 2444 om.
268 2400 331 2444 D.
485 2403 524 2442 2.
566 2411 658 2454 quo
691 2397 891 2455 semper]
930 2394 1102 2439 minori
1133 2394 1260 2451 quod
1291 2394 1354 2438 D.
1508 2390 1749 2436 uidebitur
1779 2391 1843 2435 D.
1890 2401 1894 2409 “

214 2463 253 2503 3.
287 2457 452 2517 igitur]
486 2470 595 2514 ergo
628 2457 691 2502 D.
812 2456 945 2514 abd]
976 2456 1081 2500 adb
1113 2455 1176 2499 D.
1276 2451 1497 2510 angulus]
1529 2466 1613 2497 om.
1646 2451 1709 2495 D.
1801 2453 1843 2493 4.

153 2517 319 2576 igitur]
354 2531 463 2575 ergo
495 2517 558 2561 D.
689 2518 737 2560 et
766 2530 822 2561 ec
854 2541 906 2548 —
943 2515 1019 2581 11]
1050 2529 1134 2559 om.
1168 2514 1218 2558 D
1249 2518 1361 2558 extr.
1388 2522 1497 2570 pay.
1637 2514 1706 2554 11.
1739 2508 1844 2567 illa]

154 2591 239 2634 seq.
273 2591 412 2634 comp.
446 2578 550 2622 dub.
590 2576 637 2620 T.
763 2579 831 2619 16.
865 2573 1103 2630 equalium
1134 2573 1190 2617 L.
1295 2570 1514 2673 propius]
1539 2567 1847 2628 propinquius

155 2638 227 2680 est
258 2637 314 2681 L.
421 2641 489 2681 17.
523 2637 706 2692 partem
735 2635 1066 2678 remoueantur
1097 2633 1154 2677 L.
1270 2634 1339 2676 18.
1373 2629 1482 2686 equi
1516 2627 1764 2674 istantium
1787 2628 1843 2672 L.

214 2699 284 2741 20.
318 2694 596 2753 spatiorum]
629 2694 932 2753 despatorum
960 2693 1009 2736 Τ.
1108 2696 1179 2736 22.
1212 2690 1458 2748 apparent]
1484 2688 1706 2733 uidentur
1728 2687 1845 2731 DL.

215 2759 286 2799 25.
321 2754 630 2812 superiorum]
664 2751 915 2810 superioris
940 2752 1056 2796 DL.
1148 2752 1307 2808 partes
1333 2747 1592 2806 superiores
1624 2747 1681 2791 L.
1774 2750 1844 2790 27.

154 2827 238 2871 per
268 2815 520 2872 recessum]
552 2826 819 2870 precessum
849 2812 912 2857 D.
1005 2811 1134 2869 sunt]
1166 2824 1249 2855 om.
1267 2809 1330 2853 D.
1422 2806 1660 2865 uidentur]
1685 2820 1768 2852 om.
1787 2805 1845 2850 L.
1892 2824 1894 2856 ς

217 2877 286 2918 28.
321 2874 451 2931 11810]
485 2887 566 2918 om.
594 2873 649 2917 L.
759 2872 886 2930 sunt]
919 2884 1002 2916 om.
1035 2871 1098 2915 D.
1197 2882 1281 2926 per
1309 2867 1482 2926 totum]
1514 2868 1698 2924 partem
1730 2865 1845 2910 DL.
1893 2913 1898 2927 ³
