1904 3184
636 119 919 163 EUCLIDIS
952 119 1182 162 OPTICA.
1686 115 1756 170 87

182 242 258 314 Si,
287 242 431 312 quod
461 239 692 311 uidetur,
724 238 1026 292 subiacenti
1058 239 1284 308 ebipedo
1314 237 1759 308 perpendiculare

67 353 180 388 non
215 331 397 401 fuerit,
435 331 823 400 transponatur
861 345 990 380 uero
1031 346 1192 397 super
1232 326 1419 380 circuli
1450 325 1763 396 pariferiam

69 422 291 492 aequale
330 420 565 474 existens
606 418 656 472 ei
695 435 831 487 quae
871 435 900 469 e
940 420 1139 487 centr0,
1179 414 1505 486 aliquotiens
1547 414 1764 485 quidem

31 519 35 522 ’
69 510 292 581 aequale
331 509 396 578 ei,
439 507 764 577 aliquotiens
796 523 927 558 uero
958 504 1242 574 inaequale
1273 504 1548 558 uidebitur
1580 523 1765 558 secun-

69 601 200 654 dum
221 598 537 670 parallelam
560 595 890 667 positionem
915 594 964 646 ei
982 612 1116 663 quae
1135 613 1163 647 e
1187 592 1454 664 principio
1479 593 1762 648 transiens.
1825 602 1852 642 5

185 693 302 743 esto
364 686 597 741 circulus
653 686 744 755 ad,
805 688 860 737 et
913 687 1160 737 sumatur
1212 683 1272 735 in
1331 681 1598 753 periferia,
1646 683 1763 736 eius

70 782 304 848 punctus
343 779 391 846 d,
430 781 485 830 et
521 776 646 828 inde
686 777 876 845 surgat
912 791 1025 825 non
1062 772 1520 842 perpendicularis
1561 771 1763 826 circulo

1134 865 1284 914 recta
1358 863 1436 915 dz
1520 861 1761 931 aequalis

1136 950 1370 1003 existens
1434 951 1483 1004 ei
1539 969 1674 1020 quae
1733 969 1762 1004 e

1137 1041 1344 1108 centr0,
1393 1040 1580 1093 oculus
1633 1058 1763 1093 uero
1797 1047 1855 1088 10

1138 1128 1210 1181 sit
1233 1146 1270 1182 c.
1334 1127 1471 1198 dioc,
1504 1128 1762 1198 quoniam

1137 1218 1222 1288 (ἰῇ,
1260 1217 1306 1270 si
1329 1217 1388 1270 in
1412 1217 1599 1271 circuli
1623 1217 1765 1287 pari·
1867 1281 1869 1283 ‚

1137 1305 1272 1359 feria
1359 1310 1766 1377 transponatur,

1139 1395 1464 1464 aliquotiens
1550 1395 1766 1465 quidem

1140 1483 1381 1553 aequalis
1467 1482 1767 1553 apparebit,
1800 1491 1856 1532 15

1139 1573 1464 1642 aliquotiens
1571 1572 1768 1642 maior,

1140 1661 1465 1730 aliquotiens
1573 1661 1764 1714 minor.

1141 1750 1391 1804 trahatur
1412 1753 1594 1803 autem
1617 1767 1712 1819 per
1728 1767 1769 1820 e,

1143 1840 1287 1909 quod
1356 1843 1439 1892 est
1509 1842 1768 1907 centrum,

1142 1932 1321 1982 rectae
1376 1929 1446 1982 εἰῇ*
1508 1926 1768 1997 parallela
1798 1936 1856 1977 20

1140 2036 1175 2086 9
1192 2036 1217 2071 e
1231 2061 1246 2088 ,
1312 2017 1666 2087 trahaturque
1737 2034 1768 2068 a

34 1969 280 2369 *functo
337 2126 374 2177 9
431 2107 714 2161 subiacens
772 2107 1058 2177 ebipedum
1114 2107 1360 2162 cathetus
1415 2106 1478 2174 9ῑ
1539 2108 1592 2158 et
1646 2122 1769 2158 con-

78 2196 223 2251 cidat
275 2197 501 2268 ebipedo
557 2197 625 2250 ad
677 2198 699 2250 z·
758 2200 1021 2266 punctum
1075 2200 1129 2250 et
1191 2195 1481 2266 coniugata
1533 2195 1588 2247 ei
1646 2193 1768 2246 edu-

11 2306 15 2363 !
61 2291 234 2340 -catur
273 2290 328 2340 et
367 2286 729 2357 coniungatur
766 2286 833 2339 ad
871 2286 1181 2355 periferiam
1220 2285 1286 2338 ad
1325 2287 1586 2354 punctum
1624 2300 1673 2353 a,
1712 2285 1767 2335 et

78 2374 328 2429 trahatur
365 2394 461 2445 per
495 2378 758 2445 punctum
789 2393 824 2428 a
861 2378 1039 2428 rectae
1066 2393 1136 2443 96
1172 2373 1432 2445 parallela
1463 2372 1549 2442 ab,
1589 2371 1766 2440 sitque
1799 2382 1855 2423 25

32 2373 227 2545 Jrecta
265 2464 336 2518 ab
382 2469 561 2518 rectae
607 2466 679 2518 de
725 2463 977 2533 aequalis.
1056 2464 1198 2533 dieo,
1246 2461 1502 2534 quoniam
1541 2460 1612 2513 ab
1659 2478 1768 2513 om-

11 2573 13 2581 ’
55 2552 230 2613 ‘eninm
261 2572 422 2623 super
453 2553 640 2607 circuli
670 2552 979 2623 periferiam
1010 2550 1465 2621 transpositamm
1496 2553 1767 2603 rectarum

12 2638 14 2657 ¹
48 2628 304 2715 {minima
327 2642 624 2712 apparebit.
672 2641 1073 2713 coniungantur
1097 2641 1239 2694 enim
1271 2641 1353 2710 ecl,
1375 2656 1460 2709 92,
1480 2639 1566 2707 qb,
1590 2638 1666 2708 eb,
1689 2654 1766 2692 ze.

38 2734 61 2798 ,'
119 2731 337 2785 uoniam
375 2750 505 2803 ergo
551 2736 699 2786 recta
739 2748 809 2799 96
857 2734 1035 2784 rectae
1075 2730 1147 2783 ab
1193 2728 1481 2799 parallelos
1530 2726 1765 2780 existens

164 2823 172 2830 “
209 2823 265 2873 et
310 2821 574 2891 aequalis,
629 2825 683 2874 et
729 2823 878 2873 recta
916 2837 1045 2890 ergo
1086 2837 1154 2873 aa
1199 2821 1376 2871 rectae
1412 2818 1485 2885 {sb
1525 2815 1764 2886 aequalis
1798 2825 1855 2866 30

93 2963 98 2967 .
200 2933 269 2975 22.
293 2931 373 2989 91]
405 2944 487 2977 scr,
512 2932 580 2990 9i.
675 2934 743 2974 25.
770 2928 1049 2987 paralellam
1074 2929 1135 2973 D.
1230 2932 1301 2972 29.
1327 2926 1475 2986 recta]
1501 2927 1678 2971 rectam
1701 2926 1764 2971 D.
