1904 3184
408 63 759 106 OPTICORUM
788 62 1087 106 RECENSIO
1119 63 1396 106 Tnnoms.
1564 87 1566 90 .
1637 60 1745 114 231

54 188 257 258 puncto
290 183 600 253 collocetur,
630 186 685 235 et
717 182 967 234 adcidant
997 186 1052 234 A
1062 185 1124 252 Β,
1148 185 1274 252 ΒΚ,
1304 183 1529 235 ducatur
1562 186 1744 236 autem

30 273 185 346 ’“,ΣΛ.
246 273 431 342 itaque
471 277 506 335 L
535 275 587 324 Φ
611 297 680 314 =
706 275 786 340 23
823 289 951 323 nam
981 270 1040 323 in
1071 271 1259 324 eodem
1291 274 1572 342 segmento
1606 275 1746 324 sunt.

44 359 110 417 ’Ἑῦ
149 368 184 425 L
207 366 340 422 Σ>
364 365 440 431 Β,
479 378 641 430 quare
681 359 846 413 etiam
885 365 919 421 L
949 363 1000 412 Φ
1024 368 1081 420 >
1106 363 1169 413 Β.
1243 378 1373 430 ergo
1414 363 1531 413 KA
1569 361 1742 414 maius

42 451 337 522 ,adparebit
376 450 531 504 oculo
570 449 629 502 in
671 452 716 501 Z
753 448 934 518 posito
976 467 1137 517 quam
1175 449 1234 501 in
1273 452 1334 502 Β.

856 657 944 710 44.

54 787 59 791 ’
169 777 315 831 Idem
364 780 546 830 autem
595 774 808 828 eueniet
855 775 1044 844 etiam,
1090 775 1185 828 ubi
1225 779 1396 846 recta,
1441 794 1537 844 per
1584 794 1745 845 quam

52 867 242 921 oculus
260 870 524 936 mouetur,
540 864 920 936 magnitudini,
945 883 1081 934 quae
1101 864 1353 935 cernitur,
1370 865 1630 934 parallela
1646 869 1745 918 est.

48 963 54 967 ”
171 957 243 1010 sit
273 956 418 1009 enim
450 958 563 1009 ΒΓ
592 954 974 1025 magnitudini,
1013 973 1149 1023 quae
1189 954 1442 1023 cernitur,
1479 958 1592 1007 AZ
1628 973 1746 1024 par-

56 1046 237 1116 allela,
290 1050 345 1099 et
390 1046 449 1098 in
495 1048 554 1098 K
596 1048 751 1098 recta
798 1049 853 1097 A
867 1048 911 1096 Z
963 1044 1022 1096 in
1077 1045 1208 1096 duas
1263 1047 1446 1113 partes
1495 1044 1744 1113 aequales

57 1139 291 1205 secetur,
336 1134 795 1206 perpendicularis
837 1137 1020 1187 autem
1063 1133 1306 1204 erigatur
1345 1135 1476 1186 KN.
1556 1133 1744 1187 oculus

1004 1222 1177 1293 igitur
1221 1221 1280 1274 in
1329 1226 1394 1275 N
1440 1223 1748 1293 collocetur,

73 1357 279 1367 --
496 1307 550 1348 N
785 1304 846 1345 Γ
1006 1311 1373 1380 ducanturque
1435 1315 1571 1381 NA,
1616 1315 1747 1382 ΝΖ,

16 1375 136 1436 ὛῖΒ
520 1363 802 1496 v
1005 1400 1208 1453 circum
1246 1403 1359 1452 AZ
1409 1404 1590 1453 autem
1632 1419 1748 1472 seg-

16 1536 18 1547 ,
1047 1493 1290 1542 mentum
1343 1489 1699 1560 describatur,

16 1571 19 1593 ³
56 1588 60 1593 '
1003 1578 1148 1646 quod
1205 1577 1464 1648 angulum
1523 1580 1574 1630 Φ
1600 1580 1665 1644 -4-
1694 1582 1748 1631 Α

16 1717 17 1722 ,
808 1577 827 1771 t
1004 1666 1194 1736 capiat.
1228 1667 1340 1720 iam
1356 1665 1613 1735 quoniam
1630 1669 1755 1719 ΚΝ

15 1741 19 1833 ὲ
160 1793 207 1840 Δ
470 1795 539 1839 K
1004 1755 1298 1808 diametrus
1323 1759 1422 1826 est,
1452 1759 1506 1808 et
1538 1756 1606 1808 ad
1629 1758 1756 1809 KN

15 1835 19 1862 1

1004 1844 1462 1915 perpendicularis
1527 1844 1586 1897 in
1645 1847 1750 1897 ter-

15 1956 19 1987 1
57 1936 205 1992 mino
244 1940 424 1990 erecta
463 1940 546 1990 est
582 1938 702 2006 ΒΓ,
741 1938 1082 2006 segmentum
1112 1937 1240 1987 AN
1245 1937 1290 1986 Z
1330 1933 1598 2004 contingit
1629 1936 1746 1987 ΒΓ.

57 2022 168 2081 iam
206 2027 393 2080 oculus
433 2026 500 2078 ad
538 2031 595 2079 Γ
632 2027 1043 2094 transponatur,
1092 2027 1146 2076 et
1185 2023 1436 2077 adcidant
1476 2024 1600 2092 ΓΖ,
1634 2024 1749 2093 ΓΔ,

15 2106 19 2165 ἔ
59 2113 390 2185 ducaturque
415 2118 530 2167 PZ.
577 2114 763 2182 itaque
789 2118 824 2175 L
846 2115 898 2165 Φ
918 2115 982 2179 -Ι-
1003 2116 1057 2165 Α
1075 2137 1144 2173 =
1164 2115 1220 2165 P.
1267 2130 1456 2164 uerum
1488 2117 1522 2174 l,
1540 2115 1654 2171 P>
1673 2115 1748 2182 Σ;

16 2211 19 2275 ζ
59 2220 221 2275 quare
261 2204 427 2257 etiam
467 2209 502 2266 L
531 2206 582 2256 Φ
609 2205 674 2270 -1-
702 2206 757 2254 Λ
787 2211 842 2262 >
870 2204 934 2254 Σ.
1021 2219 1155 2270 quae
1204 2205 1384 2254 autem
1431 2201 1498 2254 ab
1546 2200 1746 2270 angulo

16 2278 18 2339 ]
61 2293 260 2348 maiore
292 2295 596 2356 cernuntur,
636 2289 845 2343 maiora
876 2290 1137 2359 adparent
1169 2284 1293 2359 [def.
1318 2289 1402 2360 4];
1442 2307 1604 2359 quare
1635 2291 1746 2341 AZ

16 2406 18 2427 f
62 2382 232 2437 maius
270 2380 552 2451 adparebit
593 2379 748 2434 oculo
787 2379 845 2431 in
883 2382 948 2432 N
978 2378 1158 2448 posito
1201 2397 1362 2449 quam
1400 2378 1459 2431 in
1495 2380 1551 2434 Γ.
1615 2394 1744 2448 ergo

16 2472 17 2477 ’
61 2468 110 2529 εἰ
140 2471 323 2525 oculus
354 2489 450 2540 per
475 2474 522 2523 B
542 2472 589 2524 Γ
611 2466 975 2539 magnitudini
999 2471 1110 2520 AZ
1141 2467 1456 2537 parallelam
1480 2469 1747 2536 mouetur,

64 2559 205 2629 quod
244 2560 498 2631 cernitur,
535 2557 818 2627 inaequale
859 2557 1096 2627 adparet.

16 2820 18 2829 ‘
65 2789 74 2794 -
120 2809 653 2924 ῗζῖονπροβεβλήσθωσαν
694 2808 826 2865 va.
982 2810 1049 2850 19.
1092 2803 1185 2850 ἐστί
1224 2820 1267 2862 p.
1420 2810 1490 2850 20.
1538 2802 1745 2864 μείζονα]

61 2881 119 2929 μ
226 2887 256 2915 α
286 2885 315 2915 v
