1904 3184
205 158 277 212 62
775 161 1059 203 Enomms
1091 160 1320 204 OPTICA.

205 282 331 349 ΓΔ,
370 284 501 349 ΕΖ,
554 278 647 332 καὶ
703 278 1118 348 ἐπεζεύχθωσαν
1171 281 1232 333 αἱ
1273 283 1394 349 ΒΓ,
1433 283 1563 350 ΒΕ,
1602 285 1731 350 ΒΔ,
1772 286 1895 336 ΒΖ.

204 367 320 422 ε’πεὶ
367 366 470 423 οὗν
517 374 607 437 ἴση
654 367 805 421 ἐστὶν
850 367 884 436 ἡ
926 371 1035 421 ΖΑ
1080 377 1145 439 τῇ
1185 372 1316 437 ΑΓ,
1370 371 1530 438 κοινὴ
1577 367 1637 423 δὲ
1684 371 1717 439 ἡ
1765 375 1892 438 ΑΒ,

202 457 296 512 καὶ
334 457 504 529 ὀρθαὶ
551 460 613 511 αἱ
646 460 868 526 γωνίαι,
914 457 1074 526 βάσις
1119 459 1226 527 ἄρα
1265 457 1297 525 ἡ
1341 461 1443 510 ΖΒ
1482 458 1638 527 βάσει
1685 468 1750 529 τῇ
1789 462 1904 512 ΒΓ

204 553 296 616 ἴση
336 547 504 616 ἐστίν,
542 545 635 599 καὶ
673 548 735 599 αἱ
768 544 894 617 περὶ
931 547 1029 609 τὰς
1065 546 1254 615 βάσεις
1292 549 1505 614 γωνίαι.
1585 552 1675 615 ἴση
1714 549 1821 618 ἄρα
1859 547 1893 617 ἡ

145 644 171 684 5
201 636 312 690 ὑπὸ
350 645 463 689 τῶν
504 639 623 704 ΖΒ,
662 639 766 688 BA
804 643 869 706 τῇ
907 635 1017 688 ὑπὸ
1056 644 1169 688 τῶν
1208 639 1335 704 ΑΒ,
1367 638 1414 687 Β
1428 638 1485 688 Γ.
1563 635 1766 705 ὁμοίως
1802 635 1896 690 καὶ

201 726 236 795 ἡ
273 725 382 779 ὑπὸ
421 729 583 778 ΕΒΑ
622 733 686 796 τῇ
724 724 833 778 ὑπὸ
872 727 1055 801 ᾼΒΔ.
1116 725 1150 793 ἡ
1190 725 1295 795 ἄρα
1334 724 1442 778 ὑπὸ
1484 733 1596 778 τῶν
1637 728 1756 794 ΓΒ,
1787 729 1893 778 ΒΔ

204 819 293 882 ἴση
335 812 450 867 ε’στὶ
497 823 562 884 τῇ
599 813 710 866 ὑπὸ
749 823 861 866 τῶν
899 816 1031 881 ΕΒ,
1064 816 1181 866 ΒΖ.
1259 815 1325 866 τὰ
1365 811 1417 865 δ’
1453 813 1562 867 ὑπὸ
1602 823 1714 867 τῶν
1756 820 1894 868 ἴσων

201 912 422 971 γωνιῶν
459 901 712 973 ὁρώμενα
752 907 843 956 ἴσα
874 905 1144 972 φαίνεται.
1208 907 1298 970 ἴση
1331 904 1437 974 ἄρα
1468 902 1502 971 ἡ
1538 906 1638 956 ΓΔ
1676 911 1741 974 τῇ
1772 908 1894 958 ΕΖ.

313 990 419 1045 κᾶν
457 992 490 1061 ἡ
531 990 637 1044 ἀπὸ
676 998 776 1044 τοῦ
814 990 1048 1061 κέντρου
1089 991 1323 1060 ἀχθεῖσα
1369 993 1442 1061 μὴ
1480 993 1619 1063 πρὸς
1658 989 1894 1065 ὀρθὰςῇ

115 1088 172 1127 10
203 1089 278 1154 τῷ
319 1079 576 1153 ἐπιπέδῳ,
617 1085 706 1149 ἴση
746 1078 807 1133 δὲ
846 1076 882 1152 ᾗ
920 1089 985 1151 τῇ
1019 1079 1077 1133 ἐκ
1108 1088 1207 1133 τοῦ
1238 1079 1489 1152 κέντρου,
1529 1083 1591 1135 αἱ
1611 1082 1889 1154 διάμετροι

199 1178 370 1224 πᾶσαι
411 1175 527 1224 ἴσαι
565 1171 927 1240 φανήσονται.

313 1262 451 1313 ἔστω
483 1260 685 1322 κύκλος
715 1259 745 1313 ὁ
777 1261 1016 1327 ΑΒΓΔ,
1055 1257 1146 1311 καὶ
1178 1260 1446 1327 ἤχθωσαν
1477 1261 1555 1323 εἰς
1586 1259 1758 1313 αὐτὸν
1790 1260 1893 1313 δύο

201 1349 485 1419 διάμετροι
525 1350 587 1402 αι’
614 1352 742 1417 ΑΒ,
775 1351 893 1417 ΓΛ,
931 1347 1023 1401 καὶ
1063 1350 1200 1401 ἔστω
1239 1346 1273 1416 ἡ
1307 1347 1413 1401 ἀπὸ
1445 1356 1545 1402 τοῦ
1577 1353 1630 1401 Ε
1665 1352 1894 1419 σημείου

200 1437 537 1507 ἀναγομένη,
591 1435 680 1507 ἐφ’
723 1432 788 1505 ἧς
841 1438 902 1490 τὸ
949 1438 1095 1506 ὄμμα

113 1534 168 1573 15
199 1536 372 1580 κεῖται
411 1527 473 1580 τὸ
512 1530 574 1595 Ζ,
613 1527 686 1596 μὴ
725 1527 864 1597 πρὸς
901 1525 1095 1596 ὀρθάς,

200 1614 339 1669 ἀλλὰ
380 1621 470 1684 ἴση
510 1614 707 1686 ἑκάστῃ
746 1625 858 1669 τῶν
898 1614 956 1668 ἐκ
994 1622 1094 1668 τοῦ

198 1703 431 1775 κέντρου
499 1704 533 1773 ἡ
602 1709 745 1774 ΖΕ,
814 1702 906 1757 καὶ
975 1703 1093 1757 έπε-

201 1794 522 1862 ζεύχθωσαν
579 1793 794 1856 ἀκτῖνες
854 1794 917 1845 αἱ
969 1796 1093 1861 ΖΑ,

202 1885 321 1951 ΖΓ,
355 1886 474 1951 ΖΒ,
509 1886 626 1935 ΖΔ.
705 1880 819 1936 ἐπεὶ
859 1878 963 1936 οὗν
1003 1886 1092 1950 ἴση

111 1978 168 2018 20
202 1969 352 2024 ἐστὶν
404 1970 437 2039 ἡ
493 1974 604 2024 ΒΕ
652 1980 718 2042 τῇ
768 1975 898 2039 ΕΖ,
955 1970 1094 2023 ἀλλὰ

199 2058 291 2113 καὶ
337 2060 370 2129 ἡ
412 2064 524 2113 ΕΑ
571 2065 661 2129 ἴση
708 2059 822 2113 ἐστὶ
867 2068 931 2131 τῇ
972 2065 1093 2128 ΕΖ,

200 2150 262 2202 αἱ
311 2159 458 2220 τρεῖς
503 2151 610 2220 ἄρα
656 2151 718 2203 αἱ
760 2154 888 2219 ΕΖ,
931 2155 1066 2219 ΕΑ,
1114 2154 1220 2203 ΕΒ
1277 2155 1389 2204 ἴσαι
1436 2151 1591 2204 εἰσίν.
1676 2152 1736 2204 τὸ
1785 2152 1904 2222 ἄρα’

201 2237 261 2291 ἐν
299 2246 375 2311 τςό
415 2239 509 2291 διὰ
547 2248 658 2292 τῶν
697 2242 831 2308 ΑΒ,
871 2243 976 2292 ΕΖ
1028 2239 1264 2312 ἐπιπέδῳ
1310 2238 1436 2310 περὶ
1475 2241 1577 2309 τὴν
1615 2244 1723 2293 ΑΒ
1772 2240 1891 2293 διά-

201 2347 402 2399 μετρον
448 2324 775 2397 ἡμικύκλιον
821 2331 1176 2399 γραφόμενον
1224 2329 1500 2382 ἐλεύσεται
1547 2330 1640 2381 διὰ
1687 2336 1786 2381 τοῦ
1827 2332 1894 2403 Ζ,

113 2422 168 2462 25
202 2415 347 2487 ὀρθὴ
395 2418 502 2487 ἄρα
549 2417 582 2486 ἡ
628 2416 738 2469 ὑπὸ
785 2425 897 2470 τῶν
936 2421 1070 2486 ΑΖ,
1112 2421 1230 2471 ΖΒ.
1314 2417 1516 2487 ὁμοίως
1560 2416 1652 2470 καὶ
1699 2418 1731 2486 ἡ
1779 2417 1888 2471 ὑπὸ

321 2613 360 2653 2.
393 2609 468 2667 τῇ]
501 2614 582 2664 τῆς
612 2607 772 2652 Vat.v.
925 2607 1040 2665 ΑΓ]
1073 2606 1123 2650 in
1154 2621 1242 2652 ras.
1275 2607 1330 2652 V.
1471 2607 1607 2665 κοινὴ
1640 2604 1690 2651 δὲ
1722 2607 1751 2664 ἡ
1784 2605 1887 2667 ΑΒ]

203 2682 343 2724 supra
361 2681 444 2711 scr.
462 2667 525 2723 V3
562 2666 650 2712 del.
671 2668 763 2711 est:
797 2664 870 2723 ἴση
899 2665 1023 2710 ἔσται
1046 2667 1127 2710 καὶ
1150 2667 1179 2723 ἡ
1205 2683 1272 2724 γα
1295 2673 1351 2725 τῇ
1374 2668 1457 2724 αβ.
1550 2672 1589 2711 3.
1624 2667 1705 2711 καὶ
1722 2664 1888 2724 γωνίαι

202 2725 347 2782 ὀρθαί
378 2728 537 2772 Vat.v.
677 2725 746 2784 αἱ]
780 2739 867 2769 om.
901 2725 1011 2770 Vm.
1146 2727 1246 2784 ZB]
1281 2729 1365 2770 BZ
1395 2726 1555 2771 νεών.
1690 2727 1804 2786 ΒΓ]
1835 2724 1886 2769 in

200 2800 289 2830 ras.
323 2787 379 2842 V,
411 2789 501 2830 ΑΓ
525 2801 584 2830 m.
707 2790 748 2830 4.
789 2784 912 2829 ἐστιν
945 2784 1019 2842 ἴση
1051 2785 1265 2830 Vat.vm.
1396 2789 1435 2830 5.
1468 2793 1560 2830 τῶν
1584 2787 1848 2842 (utrumque

203 2859 290 2890 om.
323 2845 682 2890 Vat.Vat.¹vm.
806 2845 907 2902 BA]
939 2849 976 2887 A
1008 2844 1210 2901 Vat.¹m‚
1244 2848 1280 2888 Β
1313 2843 1401 2889 del.
1433 2843 1591 2890 VVat.
1712 2845 1815 2904 AB]

203 2904 291 2949 del.
309 2904 364 2949 V.
457 2905 572 2962 ΒΓ]
607 2908 642 2947 Β
675 2903 763 2949 del.
782 2903 904 2960 Van,
940 2907 985 2947 Γ
1008 2903 1213 2960 Vat.¹m‚
1249 2906 1293 2947 Γ
1316 2903 1366 2946 in
1390 2917 1479 2948 ras,
1497 2903 1552 2949 V.
1658 2910 1695 2949 6.
1731 2907 1818 2948 ΕΒ

203 2967 334 3007 ΕΑΒ
366 2978 409 3020 v,
443 2966 491 3007 et
519 2964 642 3020 Vah„
676 2963 757 3007 sed
789 2976 902 3007 corr.
1009 2970 1064 3022 τῇ
1095 2963 1207 3022 ὑπό]
1238 2965 1403 3019 postea
1436 2963 1541 3008 add.
1575 2963 1630 3008 V.
1737 2968 1820 3008 AB
