1904 3184
157 107 267 162 306
810 112 1198 157 CATOPTRICA.

159 230 294 301 άπερ
345 232 518 299 ἔστιν,
570 231 713 284 οὕτω
760 229 853 284 καὶ
900 235 1180 302 φαίνεται,
1231 232 1333 286 ὅσα
1380 231 1432 285 δ’
1470 232 1644 302 ἐκτός,
1691 232 1843 286 ἀντε-

157 318 486 391 στραμμένα.
967 384 970 388 ⁴

270 411 404 461 ἔστω
446 408 550 478 γὰρ
590 410 730 478 μήκη
770 405 871 478 μὲν
901 409 1105 478 πλάγια
1139 411 1205 463 τὰ
1237 414 1366 479 ΕΔ,
1396 414 1520 480 ΘΚ,
1559 415 1750 463 κοῖλον
1782 407 1843 463 δὲ

159 499 428 567 ἔνοπτρον
459 497 520 550 τὸ
545 502 599 550 A
610 500 671 566 Γ,
712 499 857 567 ὄμμα
896 495 955 551 δὲ
987 499 1048 552 τὸ
1074 503 1138 568 Β,
1179 501 1333 563 ὄψεις
1371 497 1432 552 δὲ
1464 499 1840 569 ἀνακλώμεναι

101 597 129 637 5
161 584 253 639 καὶ
294 588 702 655 συμπίπτουσαι
741 588 877 639 κατὰ
915 588 976 641 τὸ
1016 591 1082 640 Η
1118 589 1179 641 αἱ
1214 592 1390 657 ΒΑΔ,
1423 591 1606 657 ΒΓΕ,
1653 587 1743 641 καὶ
1782 589 1844 642 τὸ

156 671 256 743 μὲν
300 678 414 727 ΘΚ
455 675 691 743 πλάγιον
736 683 906 745 μῆκος
953 678 1088 730 ἔστω
1137 677 1291 740 ἐντὸς
1336 685 1433 747 τῆς
1478 679 1845 747 συμπτώσεως

155 771 251 832 τῆς
290 767 372 832 Η,
417 765 478 816 τὸ
520 761 580 817 δὲ
620 768 736 817 ΛΕ
772 764 937 828 ἐκτός.
1015 766 1221 819 οὐκοῦν
1259 767 1324 818 τὰ
1363 763 1463 835 μὲν
1507 770 1576 834 Θ,
1608 769 1666 818 Κ
1704 766 1842 819 κατὰ

156 854 329 922 φύσιν
362 855 633 923 φαίνεται,
671 854 921 923 καθάπερ
955 853 1015 907 ἐν
1047 864 1162 916 τοῖς
1194 853 1472 918 ἐπιπέδοις
1501 853 1591 908 καὶ
1619 865 1843 925 κυρτοῖς

157 941 458 1012 ἐνόπτροις,
497 943 564 995 τὰ
603 939 663 995 δὲ
702 946 767 1011 Ε,
798 947 853 995 Λ
892 941 1357 1013 ἀντεστραμμένα·
1398 944 1459 996 τὸ
1498 940 1598 1013 μὲν
1638 944 1741 1014 γὰρ
1782 949 1838 997 Δ

68 1041 126 1081 10
159 1029 246 1084 ε’πὶ
285 1038 384 1083 τοῦ
424 1035 476 1083 Α
516 1033 788 1100 φαίνεται,
827 1031 888 1083 τὸ
929 1027 989 1083 δὲ
1028 1035 1079 1083 Ε
1116 1029 1203 1084 ε’πὶ
1242 1038 1341 1084 τοῦ
1383 1034 1441 1084 Γ.

954 1229 1010 1277 ιγ
1036 1251 1047 1262 .

264 1316 529 1367 Δυνατόν
586 1312 700 1367 ἐστι
756 1314 848 1366 διὰ
902 1316 1176 1367 πλειόνων
1231 1313 1512 1384 ἐνόπτρων
1567 1313 1841 1367 ἐπιπέδων

158 1403 298 1456 ἰδεῖν
336 1404 397 1456 τὸ
438 1402 588 1456 αὐτό.

266 1493 420 1561 ἔστω,
461 1491 489 1545 ὃ
523 1493 611 1545 δεῖ
638 1491 904 1561 ὀφθῆναι,
944 1493 1005 1545 τὸ
1034 1497 1104 1560 Α,
1144 1494 1290 1562 ὄμμα
1321 1489 1380 1545 δὲ
1412 1493 1473 1546 τὸ
1499 1496 1563 1560 Β,
1603 1494 1839 1562 ἔνοπτρα

66 1589 122 1629 15
157 1576 217 1633 δὲ
249 1583 374 1651 τρία
406 1582 472 1633 τὰ
506 1583 622 1649 ΓΔ,
646 1585 775 1649 ΛΕ,
800 1585 852 1633 Ε
861 1585 919 1633 Ζ.
975 1582 1131 1650 ἤχθω
1164 1582 1232 1650 δὴ
1263 1580 1498 1644 κάθετος
1530 1580 1634 1634 ἀπὸ
1667 1588 1765 1633 τοῦ
1791 1584 1839 1633 Β

154 1667 241 1721 ἐπὶ
280 1670 342 1722 τὸ
378 1672 478 1722 ΓΔ
518 1672 786 1741 ἔνοπτρον
823 1669 856 1738 ἡ
891 1672 1010 1738 ΒΓ,
1052 1675 1140 1738 ἴση
1180 1667 1241 1723 δὲ
1279 1670 1312 1739 ἡ
1345 1673 1458 1723 ΒΓ
1486 1678 1550 1740 τῇ
1586 1672 1708 1738 ΓΣ,
1748 1654 1848 1722 noc?

151 1758 320 1811 πάλιν
360 1757 465 1811 ἀπὸ
505 1766 604 1812 τοῦ
644 1764 696 1812 A
743 1757 829 1812 ε’πὶ
869 1760 931 1812 τὸ
970 1763 1075 1811 ΕΖ
1118 1758 1352 1822 κάθετος
1389 1758 1422 1827 ἡ
1463 1764 1516 1811 Λ
1529 1763 1597 1827 Ζ,
1643 1756 1734 1811 καὶ
1772 1767 1837 1828 τῇ

151 1852 205 1900 A
219 1851 263 1899 Z
304 1842 393 1915 ἴση
432 1846 466 1914 ἡ
509 1851 638 1916 ΖΘ,
684 1846 776 1900 καὶ
815 1847 920 1901 ἀπὸ
960 1854 1059 1900 τοῦ
1104 1851 1151 1900 Θ
1189 1846 1276 1901 ἐπὶ
1315 1849 1376 1900 τὸ
1416 1852 1531 1900 ΔΕ
1570 1851 1839 1918 ἔνοπτρον

153 1936 387 1999 κάθετος
432 1936 588 2005 ἤχθω
635 1935 668 2004 ἡ
720 1939 852 2005 ΘΚ,
906 1935 997 1989 καὶ
1045 1938 1181 1989 ἔστω
1229 1944 1294 2007 τῇ
1338 1940 1453 1990 ΘΚ
1496 1942 1584 2006 ἴση
1631 1937 1664 2006 ἡ
1704 1940 1836 2006 ΚΛ,

62 2033 121 2073 20
152 2023 243 2077 καὶ
283 2023 389 2078 ἀπὸ
428 2031 527 2078 τοῦ
569 2027 620 2077 Λ
667 2023 753 2077 ἐπὶ
790 2026 852 2078 τὸ
894 2029 951 2077 Σ
993 2024 1298 2095 ἐπεζεύχθω
1338 2026 1371 2095 ἡ
1412 2025 1677 2094 ΛΜΞΣ,
1728 2025 1835 2079 ἀπὸ
1902 2083 1904 2094 ³

152 2111 212 2166 δὲ
259 2121 358 2166 τοῦ
398 2117 472 2167 Μ
510 2111 597 2166 ἐπὶ
642 2114 703 2166 τὸ
755 2117 802 2166 Θ
846 2113 879 2182 ἡ
920 2117 1124 2183 ΜΡΘ,
1181 2114 1592 2183 ἐπεζεύχθωσαν
1638 2112 1698 2167 δὲ
1743 2113 1835 2167 καὶ

150 2203 211 2254 αἱ
246 2206 376 2271 ΑΡ,
407 2202 529 2263 ΒΞ.
608 2200 722 2255 ἐπεὶ
769 2199 872 2256 οὖν
920 2208 1009 2272 ἴση
1050 2201 1199 2256 ἐστὶν
1237 2202 1270 2271 ἡ
1311 2205 1424 2255 ΒΓ
1460 2210 1526 2273 τῇ
1567 2206 1696 2272 ΓΣ,
1743 2201 1835 2256 καὶ
1902 2195 1903 2218 ³

150 2289 320 2362 ὀρθαὶ
360 2292 421 2345 αἱ
448 2292 586 2361 πρὸς
616 2298 690 2364 τῷ
727 2294 780 2343 Γ
810 2292 1166 2361 γωνίαι,.δύο
1207 2293 1275 2361 δὴ
1316 2293 1378 2345 αἱ
1406 2294 1525 2360 ΒΓ,
1559 2295 1667 2345 ΓΦ
1705 2290 1835 2345 δυσὶ
1903 2307 1904 2310 ’

268 2498 307 2540 5.
343 2495 415 2553 Η]
451 2497 504 2538 Ν
529 2511 571 2539 v.
665 2496 816 2554 BAA]
849 2500 946 2553 AB,
970 2501 1059 2540 ΑΔ
1098 2496 1158 2540 Μ.
1260 2501 1298 2541 7.
1331 2495 1408 2555 τά]
1439 2495 1491 2540 τό
1523 2511 1581 2541 m.
1680 2501 1719 2541 9.
1752 2495 1832 2555 τά]

150 2551 372 2611 φαίνεται
403 2553 491 2610 γὰρ
523 2554 574 2599 τὸ
608 2551 691 2611 μὲν
727 2557 767 2600 Θ
798 2554 918 2599 κατὰ
948 2555 999 2600 τὸ
1032 2560 1090 2611 A,
1121 2556 1173 2600 τὸ
1207 2553 1258 2599 δὲ
1292 2560 1339 2600 Κ
1366 2554 1486 2600 κατὰ
1516 2556 1568 2600 τὸ
1604 2559 1654 2611 Γ,
1686 2555 1738 2600 τό
1769 2571 1829 2600 m.

207 2611 610 2670 ἀπεστραμμένον
641 2629 700 2658 m.
826 2619 893 2660 11.
928 2615 1014 2673 ιγ’]
1047 2615 1094 2659 κ’
1120 2615 1212 2660 Vv.
1338 2620 1405 2659 12.
1441 2614 1562 2660 ἐστιν
1594 2630 1636 2660 V.
1760 2619 1830 2659 16.

149 2671 223 2729 ἴση
257 2698 311 2705 —-
336 2674 411 2731 τῇ]
443 2673 524 2718 καὶ
553 2680 609 2732 τῇ
642 2676 734 2717 ΒΓ
760 2672 832 2730 ἴση
869 2673 977 2718 ἔστω
1008 2674 1036 2731 ἡ
1069 2689 1129 2718 m.
1236 2679 1303 2719 17.
1337 2673 1451 2732 ἀπό]
1486 2672 1561 2718 ἐπί
1592 2690 1633 2719 v.
1726 2675 1829 2732 τοῦ]

150 2745 261 2776 corr.
296 2745 353 2776 ex
382 2731 434 2775 τό
466 2747 508 2777 v.
629 2733 685 2791 A]
717 2735 883 2788 postea
913 2732 998 2777 ins.
1032 2748 1091 2777 m.
1202 2733 1275 2793 τό]
1306 2733 1392 2789 τήν
1423 2733 1484 2777 Μ.
1600 2734 1707 2792 ΕΖ]
1745 2736 1831 2777 ΖΕ
1889 2755 1891 2789 5

151 2789 376 2847 ἔνοπτρον
407 2806 467 2836 m.
588 2790 791 2842 κάθετος
820 2791 953 2849 ἤχθω
985 2808 1045 2837 m.
1176 2797 1244 2837 18.
1279 2791 1352 2849 ἴση
1388 2791 1496 2836 ἔστω
1527 2807 1587 2837 m.
1709 2798 1751 2837 Λ
1762 2792 1830 2850 Ε]

146 2849 198 2892 in
228 2865 316 2895 ras,
351 2866 411 2894 m.
566 2856 633 2895 19.
670 2850 800 2909 ἔστω]
835 2865 921 2895 om.
955 2867 1014 2895 m.
1164 2851 1191 2908 ἡ
1218 2852 1354 2911 (alm
1391 2851 1500 2896 ἔστω
1531 2851 1560 2908 ἡ
1592 2867 1659 2908 m,
1699 2859 1754 2910 τῇ
1785 2866 1827 2895 v.
1887 2870 1889 2877 ,

208 2914 276 2954 20.
312 2909 568 2968 ἐπιζεύχθω
599 2911 661 2956 Μ.
754 2912 983 2969 ΛΜΞΣ]
1017 2913 1226 2960 ΛΜΣΞ
1252 2911 1312 2955 Μ.
1410 2915 1480 2956 21.
1513 2910 1584 2969 τό]
1616 2910 1698 2955 τόν
1729 2911 1830 2967 MV,
1885 2913 1887 2941 ἕ

1883 2980 1886 3035 f
