1904 3184
456 103 717 145 scfloLIA
747 104 813 145 IN
842 104 1125 146 EUCLIDIS
1159 105 1386 148 0PT10A.
1662 104 1769 158 133

189 224 276 275 41.
330 222 571 275 Εὐθεῖαι
614 226 865 290 γίνονται
911 242 961 292 p.
1002 224 1096 293 36,
1137 223 1202 294 3]
1257 234 1622 295 περιφερειῶν
1669 223 1769 295 μὲν

79 312 251 379 οὔσης
280 318 377 380 τῆς
407 318 579 380 σκιᾶς,
620 312 713 364 διὰ
745 308 806 364 δὲ
838 312 933 374 τὰς
958 310 1312 382 ἐξερχομένας
1342 312 1448 366 ἀπὸ
1474 320 1574 366 τοῦ
1599 318 1769 383 φωτί-

79 403 265 466 ζοντος
312 399 638 463 ἀποστάσεις
684 403 989 469 φαίνεσθαι
1029 404 1253 470 ταύτας,
1309 403 1428 465 οἵας
1471 400 1563 455 καὶ
1603 402 1664 456 ἐν
1703 412 1768 474 τῇ

4 474 5 480 ¹
80 489 298 560 εὐθείᾳ,
338 487 430 542 καὶ
469 485 612 542 εἶναι
650 490 921 552 τοιαύτας.

188 593 274 645 42.
333 594 572 661 Ποιήσει
619 589 723 647 οὖν
770 595 944 663 τομὴν
989 595 1195 648 κύκλον
1239 615 1287 665 p.
1331 596 1423 663 36,
1462 595 1558 665 23]
1605 603 1768 649 τοῦτο
1831 605 1857 646 5

4 690 6 722 f
79 680 139 735 ἐν
176 690 292 744 τοῖς
330 685 667 752 Σφαιρικοῖς
704 689 804 735 τοῦ
849 683 1151 736 Θεοδοσίου
1193 684 1474 738 δείκνυται
1515 684 1590 756 [L
1622 685 1694 755 1].

3 764 6 858 ἶ
186 785 273 838 43.
329 786 411 838 Αἰ
454 787 580 854 ΓΒ,
619 789 725 838 ΒΛ
770 787 877 857 ἄρα
927 786 1263 856 ἐφάπτονται
1302 808 1353 857 p.
1387 790 1481 858 38,
1526 787 1581 858 1]
1631 789 1663 858 ἡ
1703 797 1768 860 τῇ

4 872 6 883 ’
79 873 351 946 διαμέτρῳ
391 875 496 945 γὰρ
536 882 635 928 τοῦ
675 876 883 928 κύκλου
921 877 1060 945 πρὸς
1099 876 1276 947 ὀρθὰς
1317 875 1409 930 ἀπ’
1438 878 1609 949 ἄκρας
1641 877 1769 946 ἆγο-

77 962 212 1033 μένη
254 963 549 1032 ἐφάπτεται
588 972 688 1017 τοῦ
727 966 960 1035 κύκλου,
1013 966 1302 1037 διάμετρος
1341 964 1401 1020 δὲ
1440 966 1472 1035 ἡ
1514 969 1631 1020 ΛΓ
1668 974 1768 1020 τοῦ

79 1055 314 1106 ΓΗΔΘ
350 1054 574 1106 κύκλου.
1800 1066 1856 1106 10

184 1159 273 1211 44.
333 1156 526 1228 Ὀρθαὶ
572 1160 678 1229 ἄρα
726 1160 788 1212 αἱ
829 1161 967 1229 πρὸς
1018 1168 1092 1232 τῷ
1141 1163 1199 1212 Κ
1238 1180 1289 1230 p.
1331 1161 1425 1230 38,
1464 1160 1522 1230 3]
1573 1161 1665 1213 διὰ
1713 1163 1771 1214 τί

0 1231 8 1307 ἶ
75 1245 246 1317 ὀρθαὶ
300 1249 362 1300 αἱ
402 1249 540 1318 πρὸς
586 1256 661 1321 τῷ
710 1252 785 1314 Κ;
842 1248 957 1303 ε’πεὶ
1003 1251 1210 1302 κύκλου
1258 1257 1357 1303 τοῦ
1404 1252 1627 1302 ΑΓΒΛ
1673 1249 1769 1319 ε’φ-

5 1319 8 1345 ¹'
77 1335 313 1404 ἅπτηταί
354 1357 437 1400 τις
484 1337 677 1391 εὐθεῖα
725 1339 758 1407 ἡ
797 1342 940 1407 ΗΘ,
995 1338 1101 1392 ἀπὸ
1149 1335 1210 1391 δὲ
1256 1346 1356 1392 τοῦ
1402 1337 1634 1409 κέντρου
1681 1337 1770 1393 ε’πὶ

0 1450 8 1482 n
76 1426 178 1494 τὴν
216 1424 433 1495 ἐπαφὴν
482 1426 779 1496 ἐπεζεύχθη
827 1428 1020 1481 εὐθεῖα
1059 1427 1092 1496 ἡ
1132 1431 1260 1496 ΒΑ,
1308 1428 1341 1497 ἡ
1389 1427 1769 1497 ἐπιζευχθεῖσα

0 1535 1 1543 ’
77 1514 183 1585 ἄρα
220 1515 454 1578 κάθετος
492 1518 644 1569 ε”σται
683 1515 771 1570 ε’πὶ
811 1518 912 1586 τὴν
953 1516 1360 1587 ἐφαπτομένην·
1401 1517 1547 1588 ὀρθὴ
1587 1518 1694 1586 ἄρα
1733 1517 1766 1586 ἡ
1800 1524 1856 1565 15

0 1623 8 1675 g*
76 1601 184 1657 ὑπὸ
231 1607 415 1658 ΒΑΗ.
509 1604 625 1660 ἐπεὶ
681 1603 741 1659 δὲ
796 1609 874 1670 εἰς
918 1608 1305 1677 παραλλήλους
1351 1607 1447 1669 τὰς
1495 1609 1634 1675 ΗΘ,
1668 1608 1769 1659 ΓΔ

0 1681 8 1712 ”’
77 1690 269 1745 εὐθεῖα
315 1693 568 1748 ἐνέπεσεν
611 1695 644 1764 ἡ
685 1701 738 1748 A
747 1699 794 1748 B
805 1736 820 1765 ,
875 1696 907 1765 ἡ
957 1696 1109 1760 ἐκτὸς
1154 1699 1328 1764 γωνία
1374 1695 1407 1764 ἡ
1454 1695 1562 1749 ὑπὸ
1602 1698 1777 1748 ΒΚΓ

80 1783 169 1850 ἴση
207 1779 321 1835 ἐστὶ
359 1791 425 1853 τῇ
458 1783 612 1847 ἐντὸς
649 1783 741 1837 καὶ
774 1784 1105 1838 ἀπεναντίον
1137 1794 1201 1856 τῇ
1234 1785 1342 1838 ὑπὸ
1375 1787 1558 1837 ΒΑΗ.
1622 1784 1767 1855 ὀρθὴ

0 1890 7 1950 {¹
80 1865 142 1923 δὲ
177 1868 211 1939 ἡ
249 1870 357 1925 ὑπὸ
390 1875 587 1926 ΒΑΗ·
629 1873 799 1945 [ὀρθὴ
840 1874 969 1945 ἄρα]
1010 1872 1103 1927 καὶ
1142 1873 1175 1942 ἡ
1214 1874 1322 1927 ὑπὸ
1355 1876 1535 1927 ΒΚΓ.
1598 1870 1769 1945 ὀρθαὶ

0 1956 1 1980 ³
78 1957 184 2030 ᾄρα
221 1960 284 2012 αἱ
317 1962 455 2031 πρὸς
492 1963 554 2015 τὸ
594 1965 661 2015 K.
1798 1970 1854 2011 20

6 2043 27 2061 ’λ
62 2038 99 2066 a.
186 2065 273 2117 45.
321 2062 458 2119 Ὑπὸ
497 2074 597 2119 τοῦ
641 2070 688 2120 Θ
728 2065 970 2136 ὄμματος
1008 2066 1265 2137 βλέπεται
1303 2087 1354 2138 p.
1387 2068 1482 2138 40,
1517 2066 1609 2136 10]
1653 2074 1769 2129 πῶς

0 2191 10 2228 ἢ,
77 2148 185 2205 ὑπὸ
224 2150 465 2223 ὄμματος
503 2162 603 2207 τοῦ
644 2159 691 2208 Θ
729 2154 985 2224 βλέπεται
1024 2157 1085 2209 τὸ
1119 2159 1232 2208 ΚΛ
1270 2154 1433 2226 μέρος
1471 2163 1567 2224 τῆς
1605 2156 1767 2224 σφαί-

0 2256 9 2300 s
67 2257 203 2312 ,ραςς
277 2241 392 2295 ἐπεὶ
429 2242 556 2314 περὶ
596 2244 893 2314 διάμετρον
931 2246 1033 2314 τὴν
1073 2249 1186 2298 ΑΘ
1224 2246 1423 2307 κύκλος
1462 2244 1491 2297 ὁ
1532 2244 1770 2295 ΑΛΘΚ

0 2345 1 2378 f
80 2326 376 2400 γέγραπται
414 2331 629 2401 τέμνων
668 2333 766 2386 τὸν
804 2332 907 2403 [Ε]
921 2335 1079 2386 ΓΔΖ
1118 2334 1325 2386 κύκλον
1357 2333 1492 2385 κατὰ
1523 2332 1589 2384 τὰ
1622 2334 1690 2399 Κ,
1716 2334 1767 2384 Λ

81 2413 346 2490 [σημεῖα],
392 2420 498 2474 ἀπὸ
542 2418 601 2474 δὲ
643 2429 741 2474 τοῦ
784 2421 883 2491 [Α]
933 2425 1162 2492 σημείου
1205 2422 1327 2492 [τοῦ
1366 2420 1620 2491 πέρατος]
1669 2427 1763 2489 τῆς
1796 2427 1852 2469 25

0 2540 11 2582 3
81 2503 372 2579 διαμέτρου
413 2509 536 2579 [τοῦ
570 2514 677 2563 ΑΛ
690 2510 828 2580 Θ]Κ
861 2511 1067 2564 κύκλου
1109 2509 1196 2563 ἐπὶ
1231 2510 1320 2580 [τὰ
1354 2513 1420 2578 Λ,
1446 2509 1526 2578 Κ]
1569 2518 1763 2578 σημεῖα

80 2593 331 2664 ἤχθησαν
376 2598 591 2652 εὐθεῖαι
638 2600 700 2652 αἱ
735 2603 874 2668 ΑΛ,
914 2603 1051 2668 ΑΚ,
1098 2597 1190 2652 καὶ
1237 2599 1341 2652 ἀπὸ
1386 2605 1485 2651 τοῦ
1526 2595 1762 2668 [ἑτέρου]

0 2662 5 2749 ι
196 2716 266 2757 41.
298 2713 377 2759 Vb.
487 2720 556 2760 42.
591 2715 667 2760 V1.
776 2719 844 2759 43.
880 2714 954 2759 V¹.
1063 2719 1132 2759 44.
1167 2714 1228 2758 V¹
1264 2714 1482 2758 deletum.
1585 2718 1653 2759 45.
1687 2713 1761 2758 V¹.

0 2859 4 2910 Ι
84 2870 85 2874 ,
197 2834 236 2877 2.
270 2831 370 2892 διά]
402 2847 515 2878 corr.
550 2847 603 2877 ex
638 2835 774 2877 dcta?
898 2839 965 2878 13.
1004 2835 1118 2892 ΗΘ]
1155 2836 1202 2876 Η
1232 2847 1255 2875 e
1290 2847 1402 2876 corr.
1526 2836 1595 2876 23.
1630 2829 1762 2890 περί]

130 2901 143 2918 “
281 2907 389 2965 ΑΘ]
423 2910 529 2953 ΚΘ.
654 2913 723 2952 27.
758 2908 837 2951 καὶ
869 2907 984 2965 ἀπό]
1018 2921 1129 2951 corr.
1158 2921 1212 2951 ex
1246 2907 1339 2951 ἀπὸ
1373 2904 1437 2951 δέ.
