1904 3184
132 1006 184 1047 10

126 1451 180 1490 15

121 1895 179 1935 20

122 2339 178 2379 25

217 73 325 125 266
925 73 1185 115 scfloLxA

215 199 416 247 νεσθαι
453 192 545 246 καὶ
584 195 802 263 μείζονα
841 193 943 261 τὴν
980 190 1310 263 πορρωτέρω
1351 193 1578 246 εὐθεῖαν
1615 195 1763 265 παρὰ
1798 196 1903 264 τὴν

217 282 433 353 ἐφεξῆς,
489 283 681 336 εὐθεῖα
721 282 814 334 διὰ
860 288 1023 334 τοῦτο
1071 281 1104 350 ἡ
1153 284 1322 334 ΒΖΓ
1367 282 1694 351 φαντάζεται
1747 301 1900 354 περι-

218 371 424 442 φέρεια.

328 461 570 513 δυνατὸν
616 456 677 512 δὲ
723 466 886 512 τοῦτο
934 459 1263 512 δείκνυσθαι
1310 457 1401 511 καὶ
1449 457 1536 512 ἐπὶ
1582 467 1677 529 τῆς
1714 462 1904 528 κοίλης

214 551 578 619 περιφερείας.
671 550 723 601 εί
766 548 871 619 γὰρ
926 549 987 601 τὸ
1034 551 1092 600 Κ
1140 547 1438 616 ὑποτεθείη
1494 549 1555 601 τὸ
1611 547 1756 618 ὄμμα
1810 546 1904 618 καὶε,Ι

215 647 441 706 σημεῖον
472 638 641 707 τυχὸν
672 638 733 691 τὸ
759 642 812 690 A
845 636 997 700 ε’κτὸς
1034 643 1130 705 τῆς
1160 644 1260 690 τοῦ
1291 637 1498 690 κύκλου
1529 640 1904 708 περιφερείας,1

215 722 331 778 εἶτα
386 725 491 779 ἀπὸ
543 734 642 779 τοῦ
689 731 742 779 A
795 726 933 797 πρὸς
985 726 1087 794 τὴν
1132 726 1341 795 κυρτὴν
1392 724 1747 797 περιφέρειαν
1800 708 1904 789 tofi]

214 816 420 868 κύκλου
461 815 676 868 εὐθεῖαι
717 816 778 868 αἱ
813 821 866 868 A
877 819 948 883 B,
980 819 1106 882 AA,
1138 819 1272 884 AE,
1306 820 1359 868 A
1370 819 1431 884 Z,
1464 818 1599 884 AH,
1632 819 1761 883 ΑΘ,
1793 821 1846 868 A

213 902 305 956 καὶ
346 903 560 966 ἀκτῖνες
607 904 711 957 ἀπὸ
751 912 851 957 τοῦ
890 907 947 956 Κ
989 903 1229 973 ὄμματος
1277 902 1363 957 ἐπὶ
1410 905 1476 957 τὰ
1515 907 1588 973 B,
1620 909 1699 973 A,
1730 909 1803 973 E,

215 996 297 1061 H,
341 997 412 1061 Θ,
453 996 507 1046 Γ
552 1003 770 1063 σημεῖα,
823 1003 936 1045 τῶν
989 994 1128 1063 πρὸς
1180 994 1283 1062 τὴν
1330 994 1540 1063 κυρτὴν
1594 989 1697 1047 οὖν
1750 1011 1874 1064 περι

214 1081 442 1153 φέρειαν
494 1091 960 1153 προσπιπτουσῶν
1014 1082 1253 1134 εὐθειῶν
1307 1081 1558 1151 ἐλαχίστη
1620 1080 1712 1135 καὶ
1765 1101 1864 1135 κατ

214 1174 526 1239 φαντασίαν
581 1172 654 1234 ὡς
706 1170 798 1224 καὶ
851 1172 987 1223 κατὰ
1042 1170 1310 1239 ἀλήθειαν
1365 1171 1398 1240 ἡ
1445 1169 1644 1240 μεταξὺ
1698 1178 1797 1223 τοῦ
1843 1190 1874 1224 τ

214 1263 442 1329 σημείου
481 1259 572 1313 καὶ
612 1268 708 1330 τῆς
747 1259 1042 1330 διαμέτρου
1083 1257 1435 1330 ὁραθήσεται,
1474 1269 1586 1314 τῶν
1625 1257 1686 1313 δὲ
1717 1261 1862 1314 ἄλλω

214 1346 298 1401 ἀεὶ
351 1349 384 1418 ἡ
440 1351 625 1418 ἔγγιον
677 1356 774 1418 τῆς
828 1348 1113 1418 ἐλαχίστης
1173 1356 1269 1417 τῆς
1322 1348 1606 1420 ἀπώτερον
1661 1347 1862 1402 ἐλάττω

214 1435 432 1507 ὁρᾶται,
487 1437 516 1491 ὃ
564 1439 632 1507 δὴ
681 1440 991 1507 συμβαῖνον
1037 1435 1255 1508 ὁρᾶται,
1309 1435 1400 1491 καὶ
1454 1435 1614 1508 εἴπερ
1658 1436 1691 1505 ἡ
1739 1441 1845 1490 ΒΖ

211 1526 532 1598 περιφέρεια
578 1528 771 1581 εὐθεῖα
824 1527 1121 1595 ὑποτεθείη
1176 1524 1267 1579 καὶ
1321 1526 1555 1589 κάθετος
1600 1524 1683 1579 ἐπ’
1726 1527 1862 1596 αὐτὴ
1886 1514 1902 1614 ’γ

211 1615 244 1684 ἡ
286 1621 339 1669 Α
351 1620 418 1669 Ζ·
475 1617 611 1670 ὅθεν
658 1617 752 1669 διὰ
797 1624 961 1669 τοῦτο
1006 1613 1099 1669 καὶ
1138 1618 1450 1685 φαντασίαν
1497 1615 1720 1679 εὐθείας
1766 1615 1871 1669 ἄπο

212 1709 392 1758 στελεϊ
425 1704 457 1773 ἡ
496 1705 834 1776 περιφέρεια,
873 1703 964 1758 καὶ
995 1704 1230 1774 μάλιστα
1268 1706 1320 1757 εἰ
1347 1703 1453 1757 ἀπὸ
1485 1707 1738 1768 πλείονος
1770 1725 1849 1775 φα

210 1814 363 1847 νοιτο
403 1795 783 1864 διαστήματος,
825 1795 961 1847 ὥστε
999 1795 1072 1863 μὴ
1112 1793 1594 1847 συναισθάνεσθαι
1626 1794 1766 1863 ἡμᾶς
1800 1800 1865 1864 τῆ

211 1886 555 1955 κυρτότητος.
1883 1891 1895 1912 ’·

323 1973 416 2026 διὰ
462 1979 625 2026 τοῦτο
678 1970 770 2025 καὶ
816 1973 874 2025 οἰ
915 1973 988 2042 μὴ
1033 1971 1253 2035 πάντως
1299 1970 1690 2042 άποτεταμένοι
1736 1913 1898 2047 κάλοέ

212 2061 270 2115 ἐκ
309 2064 546 2130 πλαγίου
593 2058 694 2131 μὲν
740 2061 1010 2132 ὁρώμενοι
1057 2060 1378 2131 ἀσχάλασμα
1424 2063 1568 2130 ἔχειν
1615 2042 1894 2153 δοκοῦσινέ

210 2151 574 2204 ὑποκάτωθεν
613 2148 674 2203 δὲ
713 2150 899 2214 εὐθεῖς
937 2146 1096 2219 εἶναι,
1135 2148 1228 2203 καὶ
1267 2151 1329 2203 αἱ
1356 2149 1505 2203 σκιαὶ
1545 2147 1605 2203 δὲ
1636 2159 1748 2204 τῶν
1778 2151 1894 2242 κρίΐ

210 2259 325 2293 κων
363 2239 423 2293 ἐν
461 2247 536 2312 τῷ
569 2239 716 2312 αὐτῷ
749 2237 985 2311 ἐπιπέδῳ
1024 2237 1308 2309 κειμένων,
1348 2239 1407 2292 ἐν
1440 2233 1483 2312 ᾧ
1514 2237 1606 2292 καὶ
1636 2240 1698 2292 τὸ
1732 2238 1893 2319 ὅμμος

211 2329 425 2382 εὐθεῖαι
465 2331 775 2398 φαίνονται.
1872 2361 1904 2402 ῃ,

329 2524 367 2564 1.
401 2516 562 2564 καί-
587 2515 881 2583 πορρωτέρω]
914 2531 1001 2561 0111.
1035 2516 1122 2561 lac,
1156 2516 1237 2561 rel.
1271 2517 1379 2561 Vass.
1500 2516 1585 2573 τήν
1611 2516 1728 2574 (alt.)
1761 2543 1817 2551 —
1849 2506 1904 2571 2ζρ

210 2577 310 2637 διά]
343 2593 386 2635 q,
419 2585 500 2635 τῆς
532 2575 608 2634 ἐφ’
637 2573 692 2632 ἧς
713 2576 765 2621 τὸ
792 2577 930 2633 (dem.
956 2590 1044 2621 ras.
1073 2575 1134 2632 M,
1167 2578 1285 2633 spat.
1313 2581 1339 2620 2
1364 2575 1455 2620 litt.
1481 2575 1539 2633 R)
1573 2575 1665 2620 ἐστι
1696 2575 1904 2622 ΜΕΒΙῘΗ

270 2643 308 2682 6.
338 2645 419 2695 τῆς
449 2634 747 2694 περιφερείας
776 2642 858 2680 τοῦ
891 2636 1062 2680 κύκλου
1094 2635 1205 2679 MR.
1352 2641 1390 2679 9.
1430 2633 1506 2693 τά]
1549 2650 1688 2692 supra
1720 2650 1803 2681 scr.
1834 2632 1899 2686 R„

270 2698 325 2756 B]
358 2711 470 2740 corr.
504 2710 560 2740 ex
592 2700 638 2740 K
664 2695 718 2739 R.
854 2699 920 2739 10.
953 2695 1065 2753 τῶν]
1098 2694 1206 2738 hine
1239 2693 1383 2738 etiam
1413 2709 1448 2738 r.
1573 2694 1676 2754 οὖν]
1710 2710 1760 2752 q,
1801 2703 1898 2743 0111.ss

208 2756 318 2800 MR.
417 2761 484 2800 11.
518 2753 625 2814 καί]
659 2768 747 2798 0111.
779 2769 813 2798 1.
915 2759 984 2798 15.
1019 2752 1044 2798 ὅ
1070 2780 1122 2787 -
1151 2754 1334 2813 ὁρᾶται]
1366 2755 1531 2810 postea
1562 2754 1649 2799 ins.
1683 2769 1727 2810 q.
1819 2756 1886 2803 1&

208 2813 501 2873 περιφέρεια]
534 2812 680 2872 γωνία
711 2814 772 2870 R,
814 2827 901 2857 om.
935 2813 1004 2870 M,
1048 2811 1196 2871 γωνία
1225 2820 1307 2858 τοῦ
1339 2813 1511 2858 κύκλου
1542 2829 1577 2858 r.
1700 2814 1886 2859 21-25.

210 2888 297 2918 om.
331 2875 383 2918 A.
508 2879 576 2917 22.
611 2873 704 2918 Ser.
738 2871 1029 2931 ἐγχάλασμα.
