1904 3184
105 1035 160 1075 10

94 1954 152 1994 20

94 2397 149 2437 25

130 1481 155 1518 5
190 1471 278 1535 ἴση
330 1475 395 1538 τῇ
449 1467 558 1521 ὑπὸ
611 1471 803 1521 ΔΕΖ·
859 1467 1106 1522 ἐλάσσων
1159 1469 1266 1539 ἄρα
1319 1468 1352 1537 ἡ
1407 1469 1516 1523 ὑπὸ
1563 1474 1731 1523 ΑΕΒ
1784 1478 1849 1540 τῆ

1897 0 1904 29 ⁴

202 97 314 150 222
556 101 908 143 OPTICORUM
938 103 1235 146 RECENSIO
1267 105 1545 148 THEONIS.

199 217 293 272 καὶ
333 219 526 289 ὅμοιον
565 227 640 292 τῷ
675 223 796 273 ΒΕ.
857 221 1026 275 πάλιν
1064 223 1157 275 διὰ
1195 230 1294 276 τοῦ
1329 227 1376 276 Ο
1415 231 1479 294 τῇ
1511 227 1638 278 ΚΝ
1671 229 1761 294 ἴση
1799 224 1904 279 mxl?

199 309 548 380 παράλληλος
578 310 736 378 ἤχθω
768 308 802 377 ἡ
838 313 954 379 ΟΡ,
993 309 1085 364 καὶ
1117 310 1423 381 ἐπεζεύχθω
1457 311 1489 381 ἡ
1523 316 1651 366 PK·
1690 315 1751 368 τὸ
1782 317 1898 367 ΡΝ

198 398 305 468 ἄρα
390 400 734 468 παράλληλό-

196 505 450 557 γραμμον
504 491 627 539 ἴσον
675 506 734 540 τε
822 525 887 565 Π

195 574 287 628 καὶ
357 576 549 644 ὅμοιόν
618 575 734 629 ε’στι

195 672 270 736 τῷ
306 668 423 716 ΖΕ.
490 662 583 717 καὶ
614 663 731 717 έπε-

197 754 517 822 ζεύχθωσάν
533 755 595 807 αἰ
611 755 730 807 δια-

193 843 388 910 γώνιοι
464 844 526 896 αἱ
597 847 730 912 ΡΝ,

194 935 330 985 HN.
394 933 531 986 ὥστε
568 931 660 986 καὶ
695 932 729 1001 ἡ

192 1020 300 1074 ὑπὸ
333 1023 458 1074 ΚΝ
459 1025 518 1074 Π
555 1025 731 1090 γωνία

191 1117 287 1179 τῆς
361 1109 470 1164 ὑπὸ
542 1114 602 1164 Κ
612 1115 676 1164 Ν
686 1115 736 1164 Ρ

191 1202 396 1268 γωνίας
479 1199 727 1253 ἐλάσσων

191 1288 356 1342 ἐστίν.
440 1292 538 1342 καί
576 1289 726 1343 ἐστιν

189 1377 223 1446 ἡ
261 1374 363 1447 μὲν
399 1377 508 1431 ὑπὸ
548 1381 741 1432 ΚΝΠ
774 1384 864 1449 ἴση
903 1386 968 1449 τῇ
1006 1378 1115 1433 ὑπὸ
1156 1384 1349 1447 ΑΕΒ,
1391 1380 1424 1450 ἡ
1465 1378 1525 1434 δὲ
1562 1380 1670 1434 ὑπὸ
1710 1384 1835 1435 ΚΝ

186 1555 294 1609 ὑπὸ
334 1560 517 1610 ΔΕΖ.
596 1557 734 1611 ὥστε
772 1555 864 1610 καὶ
902 1558 964 1610 τὸ
1004 1560 1116 1611 AB
1162 1556 1396 1627 μέγεθος
1434 1566 1534 1611 τοῦ
1574 1564 1629 1612 Δ
1642 1563 1686 1612 Ζ
1725 1558 1879 1629 μεγέ-

185 1651 329 1708 θους
367 1648 602 1699 ἔλασσον
641 1645 966 1716 ὀφθήσεται.

298 1764 501 1834 ὁμοίως
539 1765 607 1834 δὴ
651 1763 924 1835 δείξομεν,
981 1766 1065 1819 ὅτι
1103 1764 1136 1834 ἡ
1178 1769 1289 1818 ΒΑ
1333 1773 1430 1835 τῆς
1472 1770 1580 1819 ΖΔ
1631 1765 1839 1820 ἐλάσσω

185 1851 301 1906 ἐστὶ
339 1860 435 1922 τῆς
476 1857 584 1906 ΖΔ
633 1859 753 1922 ἴσης
791 1873 848 1907 τε
892 1852 985 1907 καὶ
1034 1853 1330 1917 ἐλάσσονος
1375 1861 1472 1923 τῆς
1518 1853 1577 1907 ἐκ
1614 1862 1714 1908 τοῦ
1752 1854 1873 1909 κέν-

183 1961 319 2013 τρου
348 1941 717 2013 ὑπαρχούσης.

295 2030 434 2085 ἀλλὰ
473 2032 542 2101 δὴ
582 2034 718 2085 ἔστω
758 2031 791 2101 ἡ
833 2037 888 2085 Δ
900 2036 944 2085 Ζ
992 2039 1058 2103 τῇ
1107 2030 1165 2085 ἐκ
1207 2040 1308 2086 τοῦ
1347 2031 1578 2105 κέντρου
1620 2038 1734 2102 ἴση,
1780 2031 1872 2086 καὶ

181 2120 604 2174 κατεσκευάσθω
632 2122 811 2174 πάντα
834 2122 902 2174 τὰ
925 2121 1066 2174 αὐτὰ
1090 2131 1206 2184 τοῖς
1227 2124 1514 2193 πρότερον,
1546 2120 1638 2174 καὶ
1661 2124 1869 2175 κείσθω

180 2217 255 2282 τῷ
294 2217 395 2262 τοῦ
434 2210 640 2263 κύκλου
687 2209 992 2282 ἡμικυκλίῳ
1042 2215 1166 2264 ἴσον
1212 2211 1538 2280 ἡμικύκλιον
1575 2211 1638 2263 τὸ
1682 2213 1869 2280 ΘΚΛ,
1902 2259 1904 2262 .

179 2296 271 2351 καὶ
310 2299 562 2368 εἰλήφθω
602 2297 775 2351 αὐτοῦ
814 2299 876 2351 τὸ
915 2297 1149 2370 κέντρον
1186 2300 1248 2352 τὸ
1279 2303 1352 2352 Ν.
1415 2297 1507 2351 καὶ
1546 2297 1660 2352 ἐπεὶ
1692 2299 1725 2368 ἡ
1754 2304 1809 2352 Δ
1902 2343 1904 2348 .

185 2391 275 2456 ἴση
313 2387 599 2441 ὑπόκειται
636 2395 702 2458 τῇ
743 2386 802 2440 ἐκ
840 2395 940 2440 τοῦ
971 2386 1203 2457 κέντρου
1243 2395 1342 2440 τοῦ
1373 2388 1597 2456 κύκλου,
1638 2393 1727 2456 ἴση
1760 2389 1828 2459 ἄρ
1902 2420 1904 2462 g

180 2474 328 2529 ἐστὶν
367 2475 400 2545 ἡ
439 2480 551 2529 ΛΖ
595 2483 662 2546 τῇ
706 2479 832 2529 ΘΝ.
909 2475 1001 2529 καὶ
1038 2480 1245 2530 κείσθω
1292 2484 1357 2546 τῇ
1404 2473 1505 2546 μὲν
1549 2477 1657 2530 ὑπὸ
1699 2479 1805 2530 ΓΕ
1902 2466 1904 2480 ³

177 2567 353 2637 γωνίᾳ
385 2570 474 2634 ἴση
506 2565 539 2634 ἡ
570 2565 678 2618 ὑπὸ
716 2569 835 2618 ΘΝ
837 2568 906 2635 Κ,
944 2564 1037 2618 καὶ
1066 2567 1224 2635 ’ἤχθω
1264 2574 1329 2636 τῇ
1365 2569 1485 2619 ΘΝ
1515 2565 1831 2637 παράλληλο
1860 2604 1863 2605 ⁷

296 2729 335 2769 5.
370 2725 492 2771 ἐστιν
522 2726 615 2770 VV.
711 2729 748 2769 7.
783 2726 1030 2782 ὃιαγώνιαι
1059 2741 1103 2783 p.
1211 2730 1278 2770 11.
1312 2727 1489 2784 KNP]
1523 2740 1637 2770 corr.
1670 2739 1727 2770 ex
1758 2729 1805 2770 K

174 2800 234 2829 m.
269 2791 294 2829 2
328 2799 370 2829 v.
523 2789 592 2828 13.
634 2782 776 2843 ἐστίν]
811 2783 904 2829 ἐστι’
934 2800 977 2842 p.
1132 2789 1200 2830 14.
1232 2785 1262 2842 ἡ
1295 2783 1348 2830 δέ
1379 2812 1435 2818 -
1469 2789 1537 2829 15.
1569 2786 1724 2843 ΑΕΒ]
1764 2707 1883 2875 Πιέἱ

174 2859 233 2888 m.
268 2849 294 2887 2
325 2859 356 2888 v
387 2842 650 2902 (κείμενον).
805 2849 871 2888 15.
913 2843 1007 2902 ἴση]
1042 2859 1129 2890 om.
1162 2859 1204 2888 v.
1358 2843 1559 2889 ἐλάσσων
1591 2844 1703 2902 ἄρα]
1744 2842 1856 2887 ὥστε

173 2900 255 2947 καί
285 2918 327 2948 v.
458 2904 612 2962 ΑΕΒ]
644 2906 778 2947 ΑΕΒ
811 2902 1013 2949 ἐλάσσων
1046 2901 1140 2948 ἐστι’
1169 2919 1212 2948 v.
1345 2908 1412 2948 17.
1447 2902 1647 2949 ἐλάσσων
1678 2903 1734 2960 V,
1774 2874 1876 2973 sedss

1857 3084 1890 3097 e»

1847 3120 1889 3131 :*1
