1904 3184
25 0 89 207 st!
619 110 905 154 Encmms
938 110 1169 156 οΡΤῙοΑ.
1674 114 1703 167 7
1709 117 1744 170 5

23 232 145 330 ‘aqui
182 230 491 286 continetur
531 231 631 284 sub
670 232 867 301 izsze,
906 235 962 284 et
1001 233 1343 287 contineatur
1380 233 1473 287 ille
1514 235 1743 305 angulus

23 323 152 386 uaub
184 321 270 391 ln,
298 338 396 390 no,
434 323 490 373 et
525 319 702 373 iaceat
741 320 982 390 aequalis
1015 321 1065 374 ei
1098 340 1233 391 quae
1266 326 1350 376 est
1379 340 1442 377 ez
1475 327 1625 377 recta
1655 342 1745 395 no,

23 412 108 468 'net
144 410 546 480 coniungantur
584 409 654 479 lo,
684 426 787 478 om,
829 413 883 463 et
923 410 1261 464 describatur
1292 411 1436 466 circa
1465 412 1743 484 trigonum

21 479 166 557 stom
203 498 372 553 sectio
412 498 542 552 lom.
604 497 708 551 erit
740 502 923 551 autem
962 503 1016 552 et
1048 500 1115 552 ad
1146 518 1174 554 o
1212 504 1479 570 punctum
1510 502 1741 573 angulus

20 570 23 667 j
49 588 289 661 aequalis
322 588 521 658 angulo
554 588 647 657 qui
672 588 739 641 ad
770 605 796 641 e
828 588 927 641 sub
960 589 1057 642 iet.
1088 589 1345 659 ‘amplius
1378 590 1744 644 constituatur
1805 600 1831 639 5

20 679 116 737 'fid
159 678 227 731 ln
270 682 476 731 rectam
530 681 585 730 et
630 677 699 730 ad
743 676 927 746 ipsum
972 682 1236 747 punctum
1274 696 1312 732 n
1358 680 1606 751 angulus·
1639 698 1744 735 aze

15 767 287 840 'aequalis
328 766 528 838 angulo
569 766 697 837 lup,
741 766 1022 835 iaceatque
1062 767 1112 820 ei
1151 786 1288 836 quae
1328 771 1412 821 est
1451 786 1513 823 ez
1551 788 1743 839 aequa-

46 852 116 926 ᾖε
152 873 255 926 np,
300 859 354 908 et
401 855 801 925 coniungantur
839 856 922 924 lp,
952 873 1077 925 pm,
1126 860 1181 910 et
1225 858 1562 911 describatur
1600 859 1742 913 circa

64 939 67 941 ’
114 963 169 999 m
211 944 492 1016 trigonum
539 944 707 998 sectio
757 944 944 998 cirqui
990 945 1125 1014 lmp.
1204 950 1321 1000 esto
1369 965 1498 1018 ergo
1546 952 1601 1002 et
1648 948 1741 1018 qui

43 931 116 1111 g
144 1052 184 1103 p
220 1037 485 1104 punctum
516 1034 748 1104 angulus
774 1034 1014 1103 aequalis
1047 1035 1097 1087 ei
1130 1035 1223 1104 qui
1248 1037 1347 1089 sub
1381 1037 1485 1090 acb
1525 1038 1740 1108 angulo,
1774 1046 1830 1086 10

46 1116 302 1222 §uoniam
340 1140 470 1194 ergo
511 1123 685 1175 maior
724 1126 808 1176 est
846 1123 941 1192 qui
980 1124 1047 1176 ad
1083 1142 1122 1177 x
1160 1143 1321 1194 quam
1362 1125 1455 1195 qui
1494 1127 1562 1179 ad
1599 1144 1643 1197 o,
1686 1130 1740 1180 et

124 1212 137 1223 ⁶
178 1213 245 1265 ad
281 1230 319 1265 x
355 1216 620 1282 punctum
652 1212 892 1282 aequalis
925 1213 1126 1284 angulo
1162 1216 1287 1285 yed,
1327 1214 1419 1284 qui
1449 1234 1579 1268 uero
1613 1216 1681 1269 ad
1711 1233 1739 1269 o

42 1227 246 1383 ffiulo
277 1303 375 1371 iet,
413 1301 587 1354 maior
619 1320 749 1372 ergo
781 1302 1065 1372 apparebit
1090 1305 1172 1372 qd
1208 1322 1370 1372 quam
1401 1305 1463 1357 vlt.
1523 1322 1740 1357 rursum

10 1374 301 1464 ighuoniam
347 1391 440 1460 qui
486 1391 553 1443 ad
598 1408 627 1444 0
679 1394 943 1460 punctum
990 1392 1221 1463 angulus
1271 1383 1470 1463 ang'ulo
1520 1394 1606 1447 iet
1657 1397 1740 1447 est

7 1453 306 1574 ifffflfflfiss,
354 1479 447 1550 qui
484 1497 615 1532 uero
655 1480 724 1532 ad
758 1498 802 1548 p
849 1481 1049 1551 angulo
1090 1481 1215 1550 aeb,
1263 1481 1437 1534 maior
1475 1500 1604 1535 uero
1645 1482 1738 1552 qui
1771 1491 1826 1531 15

7 1555 113 1648 &⁴311
141 1587 170 1623 o
202 1587 363 1638 quam
396 1569 489 1638 qui
522 1570 589 1622 ad
609 1587 667 1639 p,
699 1570 873 1622 maior
898 1588 1027 1641 ergo
1054 1571 1284 1641 angulus
1316 1572 1402 1624 iet
1430 1589 1592 1640 quam
1616 1572 1736 1625 aeb.

4 1637 12 1734 ᾖ
31 1655 217 1740 4ζιῶίοκ·
269 1675 398 1729 ergo
452 1659 737 1728 apparebit
789 1660 846 1712 it
904 1677 1066 1728 quam
1121 1660 1210 1713 ab.
1312 1660 1554 1714 omnium
1608 1677 1736 1730 ergo

0 1744 11 1803 ,i
44 1745 327 1811 auctarum
356 1766 453 1817 per
481 1765 513 1802 z
541 1752 814 1801 rectarum
846 1752 900 1801 et
931 1748 1247 1803 facientium
1279 1750 1347 1803 ad
1377 1766 1441 1804 ez
1479 1749 1737 1820 angulum

0 1844 10 1896 J
44 1811 276 1894 hanina
315 1836 531 1906 quidem
568 1836 846 1890 uidebitur
879 1839 979 1906 yd,
1020 1837 1245 1891 minima
1283 1857 1413 1891 uero
1454 1839 1540 1908 ab,
1579 1857 1737 1909 prop-

2 1923 8 1981 Ι
42 1918 190 1983 ‚brea
227 1927 371 1995 quod
402 1930 458 1979 et
489 1926 557 1980 ad
587 1944 613 1981 e
652 1926 1077 1980 constitutorum
1109 1927 1434 1998 angulorum
1466 1927 1733 1981 maximus
1767 1938 1822 1979 20

0 2022 33 2139 ξ
47 2010 58 2120 Ι
159 2092 199 2133 3.
225 2086 370 2147 circa]
394 2089 558 2132 contra
575 2088 638 2133 D.
734 2093 803 2133 12.
832 2088 931 2147 My.
951 2101 1004 2144 q2
1030 2089 1093 2133 D.
1188 2088 1381 2147 angulo]
1409 2087 1643 2145 angulus?
1669 2090 1730 2133 D.

0 2155 4 2171 '
44 2121 60 2180 ὃ
100 2150 169 2192 13.
201 2147 272 2207 it]
304 2153 353 2193 et
383 2148 446 2192 D.
556 2151 624 2192 16.
659 2147 882 2207 angulus]
908 2154 1068 2205 postea
1098 2150 1183 2193 ins.
1216 2163 1274 2192 m.
1307 2153 1333 2193 1
1367 2149 1429 2193 D.
1537 2152 1604 2193 19.
1637 2149 1730 2207 qd]

0 2195 112 2286 Ι[ῥα
138 2206 202 2251 D.

20 2370 37 2477 ἱ
66 2422 69 2425 .
100 2385 274 2444 τμῆμα]
305 2399 349 2440 v,
381 2399 441 2429 m.
478 2389 501 2428 1
535 2384 658 2440 Vat.‚
693 2390 844 2442 σχῆμα
875 2384 986 2441 Vm,
1018 2385 1126 2430 Vat.
1159 2400 1219 2430 m.
1252 2390 1293 2429 2.
1417 2388 1456 2429 8.
1489 2385 1570 2443 τῷ]
1603 2383 1654 2428 τό
1688 2399 1729 2429 v.

101 2443 244 2501 σημεῖ’
283 2443 392 2488 Vat.
516 2448 556 2489 9.
589 2444 700 2502 τῶν]
734 2458 822 2488 οῶ.
855 2458 915 2488 m.
1037 2451 1093 2503 τῇ
1119 2443 1255 2503 (alt.)]
1288 2450 1370 2488 τοῦ
1402 2444 1562 2488 Vatv.
1675 2450 1731 2502 τῇ

23 2478 147 2563 {RN
172 2528 228 2536 —
262 2508 329 2548 11.
363 2500 530 2564 γωνίᾳ]
563 2502 613 2546 in
644 2517 734 2547 ras.
768 2502 822 2548 V.
963 2508 1031 2549 10.
1064 2507 1125 2563 τῷ
1151 2504 1271 2562 (pr.)]
1305 2517 1418 2547 corr.
1453 2516 1509 2546 ex
1539 2501 1590 2547 τό
1623 2502 1729 2548 Vat.

25 2582 54 2622 f
101 2560 268 2619 σημείω
291 2563 373 2622 τῷ]
399 2576 512 2607 corr.
532 2576 589 2607 ex
614 2569 804 2620 σημεῖον
829 2560 880 2607 τό
906 2562 1012 2608 Vat.
1105 2563 1216 2622 τῶν]
1244 2576 1331 2607 οῶ.
1351 2577 1409 2606 m.
1518 2566 1585 2607 11.
1617 2569 1709 2607 τῶν

147 2636 207 2667 m.
239 2609 250 2623 ’
276 2624 391 2678 ΛΝ,
411 2623 539 2681 ΝΠ]
558 2624 718 2666 ΛΝΠ
736 2636 795 2665 m.
873 2627 939 2667 12.
965 2622 1023 2725 Q
1040 2629 1096 2681 τῇ
1120 2637 1162 2667 v.
1251 2627 1317 2666 13.
1345 2619 1709 2679 περιγεγράφθω

162 2695 222 2727 m.
320 2681 371 2725 τὸ
404 2682 590 2741 AHM]
622 2681 673 2725 τὸ
706 2685 746 2725 Λ
778 2680 827 2723 in
858 2695 947 2726 ras.
1027 2718 1035 2726 .
1161 2685 1228 2725 14.
1262 2681 1428 2732 κύκλος
1459 2680 1580 2737 Vat„
1614 2694 1728 2726 corr.

0 2754 3 2774 ὲ
133 2744 174 2786 2.
296 2739 440 2800 ἔσται]
476 2740 587 2786 ἔστω
618 2741 779 2785 Vat.v.
902 2741 983 2800 τῷ]
1016 2740 1068 2785 τό
1101 2755 1142 2785 v.
1279 2745 1346 2785 15.
1380 2741 1533 2800 ΑΕΒ]
1568 2742 1654 2784 ΕΒ
1686 2755 1728 2785 v.

99 2796 193 2844 ἐπί
221 2815 264 2846 v.
372 2805 441 2845 16.
476 2801 543 2859 Ξ]
581 2803 616 2844 Ζ
647 2815 743 2844 vm.
852 2803 919 2844 17.
958 2803 999 2845 Ο
1051 2799 1099 2843 in
1131 2813 1219 2844 ras.
1246 2799 1300 2856 V,
1338 2801 1377 2845 Θ
1410 2814 1467 2844 m.
1578 2804 1645 2844 18.
1679 2799 1708 2857 ἡ

98 2869 142 2903 v.
269 2864 339 2905 21.
370 2860 471 2919 τῆς]
504 2873 617 2904 corr.
653 2873 709 2902 ex
740 2865 795 2917 τῇ
827 2873 886 2903 ῶ.
921 2863 946 2902 2
1024 2895 1035 2915 ,
1067 2865 1122 2917 τῇ
1155 2859 1395 2903 Vat.¹vm.
1527 2863 1596 2904 22.
1629 2865 1710 2917 τῆς

126 2915 336 2976 VVat.v‚
369 2932 483 2964 corr.
508 2934 568 2964 m.
596 2924 622 2963 2
655 2919 710 2964 V.
807 2922 877 2963 24,
911 2918 986 2978 τῇ]
1019 2924 1100 2977 τῆς
1130 2918 1290 2964 Vatv.
1384 2922 1453 2964 26.
1487 2919 1568 2978 τῷ]
1601 2917 1652 2963 τό
1686 2933 1727 2963 v.
