1904 3184
109 1108 166 1148 10

110 1576 165 1616 15

110 2037 167 2076 20

197 111 304 163 348
658 115 919 158 SCHOLIA
949 117 1014 159 m
1045 117 1430 163 cAToerICA.

196 235 257 286 τὸ
298 233 579 304 ὁρώμενον
627 233 726 298 ἔξω
774 236 930 288 δοκεῖ
972 239 1076 290 ἔσω
1124 236 1366 308 ὁρᾶσθαι
1414 237 1474 291 ἐν
1520 245 1595 309 τῷ
1637 236 1884 309 ἐσόπτρῳ

195 323 333 374 κατὰ
371 323 473 391 τὴν
512 324 848 392 σύμπτωσιν.

1358 349 1403 399 Δ
1814 354 1867 397 Β

306 442 357 494 4.
426 444 537 493 Τοῦ
587 446 640 494 Ε
688 443 1140 513 καταληφθέντος
1543 513 1552 523 .

196 527 378 583 οὐκέτι
448 529 639 600 ὁρᾶται
707 532 768 584 τὸ
839 532 1138 603 ὁρώμενον,
1228 530 1278 581 Α
1422 384 1427 602 Ι
1555 525 1577 550 ’“

196 618 225 672 ὃ
283 619 421 671 κατὰ
481 616 583 688 μὲν
641 621 702 674 τὸ
765 619 970 691 ἀληθὲς
1038 622 1137 688 ἔξω
1358 605 1526 858 Bb
1572 552 1663 677 {K

1442 828 1486 885 Δ

197 708 391 779 ὁρᾶται
429 709 491 761 τὸ
530 714 608 778 A,
655 710 861 764 δοκοῦν
901 709 962 765 δὲ
1010 712 1138 783 ὁρᾶ-

196 803 333 850 σθαι
371 799 510 869 πρὸς
547 806 612 869 τῇ
652 801 981 869 συμπτώσει.

308 918 358 971 5.
428 920 539 970 Τοῦ
578 921 632 970 Ε
675 919 1129 988 καταληφθέντος
1175 921 1356 976 οὐκέτι
1404 923 1598 994 ὁρᾶται
1644 926 1706 978 τὸ
1746 924 1886 995 ὁρώ-

196 1026 390 1076 μενον,
446 1006 476 1060 ὅ
524 1006 638 1060 ἐστι
685 1009 746 1061 τὸ
795 1013 872 1077 A,
929 1008 957 1062 ὃ
1004 1011 1141 1063 κατὰ
1188 1008 1289 1080 μὲν
1335 1013 1395 1065 τὸ
1444 1010 1648 1081 ἀληθὲς
1694 1012 1887 1083 ὁρᾶται

196 1096 336 1166 πρὸς
373 1103 448 1168 τῷ
481 1097 629 1168 τόπῳ
669 1103 744 1168 τῷ
778 1096 1008 1168 ἀντικρὺ
1047 1106 1147 1151 τοῦ
1179 1103 1245 1168 Β,
1285 1102 1626 1170 φαινόμενον
1658 1098 1718 1154 δὲ
1749 1103 1888 1171 πρὸς

197 1193 262 1256 τῇ
303 1186 631 1255 συμπτώσει.

309 1298 358 1351 6.
416 1296 616 1350 Οὐκέτι
654 1297 847 1368 ὁρᾶται
886 1319 935 1368 p.
971 1300 1096 1369 286,
1129 1300 1221 1370 15]
1263 1301 1470 1354 οὐκοῦν
1510 1301 1570 1354 ἐν
1609 1309 1723 1364 τοῖς
1754 1320 1877 1371 κυρ-

197 1395 313 1449 τοῖς
367 1385 654 1458 ἐνόπτροις
707 1385 938 1440 ἕκαστον
998 1398 1110 1441 τῶν
1165 1388 1462 1459 ὁρωμένων
1516 1389 1708 1460 ὁρᾶται
1761 1388 1885 1443 κατ’

198 1475 376 1529 ἐκεῖνο
423 1475 484 1528 τὸ
524 1474 712 1545 μέρος,
758 1474 891 1529 καθ’
936 1475 964 1529 ὃ
1014 1477 1332 1546 σύμπτωσις
1377 1481 1587 1546 γίνεται
1628 1478 1887 1548 ἐκβαλλο-

198 1563 381 1634 μένων
426 1572 522 1634 τῆς
563 1584 619 1617 τε
667 1566 844 1628 ὄψεως
889 1564 980 1618 καὶ
1026 1574 1122 1635 τῆς
1169 1565 1274 1619 ἀπὸ
1321 1574 1420 1619 τοῦ
1468 1565 1750 1637 ὁρωμένου
1798 1565 1887 1621 ἐπὶ

197 1654 259 1706 τὸ
298 1651 530 1723 κέντρον
570 1652 1026 1723 ἐπιζευγνυμένης
1065 1654 1302 1718 εὐθείας.

311 1759 359 1810 7.
421 1755 479 1810 Ὁ
526 1754 586 1810 δὲ
628 1755 957 1828 Ἀρχιμήδης
1004 1758 1148 1811 οὕτω
1196 1757 1364 1828 λέγει,
1419 1758 1502 1812 ὅτι
1551 1759 1583 1829 ἡ
1626 1763 1671 1812 Ζ
1710 1762 1889 1828 γωνία

197 1855 262 1917 τῇ
294 1850 348 1899 Ε
383 1845 415 1914 ἢ
450 1850 539 1914 ἴση
572 1844 722 1899 ἐστὶν
760 1845 792 1915 ἢ
830 1846 1070 1900 ἐλάττων
1108 1846 1141 1915 ἢ
1174 1850 1383 1917 μείζων.
1447 1850 1582 1901 ἔστω
1614 1850 1888 1919 πρότερον

197 1937 394 2005 μείζων
431 1933 464 2002 ἡ
501 1939 545 1987 Ζ
584 1942 679 2004 τῆς
710 1939 783 1988 Ε·
825 1935 1065 1990 ἐλάττων
1104 1938 1211 2007 ἄρα
1242 1937 1275 2006 ἡ
1308 1941 1370 1989 Ε.
1431 1937 1748 1990 ὑποκείσθω
1782 1934 1889 1992 οὖν

196 2024 365 2077 πάλιν
411 2025 556 2093 ὄμμα
603 2025 666 2077 τὸ
705 2029 783 2093 A,
838 2023 929 2077 καὶ
976 2025 1082 2078 ἀπὸ
1123 2032 1222 2078 τοῦ
1263 2028 1502 2095 ὄμματος
1547 2026 1714 2079 πάλιν
1754 2025 1885 2079 ἀνα-

196 2113 484 2166 κεκλάσθω
519 2111 607 2166 ε’πὶ
639 2114 699 2166 τὸ
733 2113 1017 2184 ὁρώμενον
1047 2115 1108 2168 τὸ
1134 2118 1196 2167 Β.
1253 2117 1403 2168 ἔσται
1435 2116 1542 2184 ἄρα
1572 2114 1605 2183 ἡ
1631 2119 1684 2168 Ε
1711 2118 1887 2183 γωνία

196 2205 393 2271 μείζων
431 2210 527 2271 τῆς
568 2207 628 2255 Z.
705 2198 775 2270 ἧν
815 2199 875 2255 δὲ
914 2201 1006 2256 καὶ
1047 2203 1308 2256 ἐλάττων·
1350 2204 1481 2274 ὅπερ
1523 2205 1743 2257 ἄτοπον.

310 2315 358 2367 8.
411 2312 572 2367 Ἀλλὰ
610 2313 702 2367 καὶ
741 2313 774 2382 ἡ
812 2318 859 2367 Θ
896 2323 961 2385 τῇ
995 2318 1046 2368 Λ
1084 2335 1133 2384 p.
1167 2316 1293 2384 288,
1327 2314 1418 2384 16]
1459 2313 1492 2383 ἢ
1532 2315 1616 2368 ὅτι
1655 2315 1688 2383 ἡ
1727 2335 1887 2386 κερα-

197 2404 412 2471 τοειόὴς
450 2406 624 2471 γωνία
664 2403 876 2472 ἁπάσης
915 2403 1091 2468 ὀξείας
1129 2406 1334 2472 γωνίας
1373 2403 1612 2457 ἐλάττων
1645 2403 1812 2473 ἐστίν,
1850 2403 1887 2472 ἢ

316 2582 356 2622 4.
398 2578 441 2622 V
471 2577 521 2620 in
551 2593 643 2635 mg.
678 2577 776 2635 inf„
807 2592 892 2634 pq.
1001 2583 1041 2623 5.
1080 2578 1124 2622 V
1154 2576 1205 2621 in
1234 2593 1326 2635 mg.
1359 2577 1457 2635 inf„
1489 2593 1572 2634 pq.
1674 2583 1712 2624 6.
1747 2579 1884 2636 qu.

260 2641 298 2682 7.
331 2637 413 2694 Vp
445 2637 524 2694 (ad
553 2651 683 2694 prop.
712 2640 754 2695 1)
787 2639 864 2695 (q).
987 2641 1027 2682 8.
1060 2637 1229 2694 Vp(q).

317 2804 356 2844 5.
392 2798 436 2858 ὅ]
470 2814 557 2844 om.
585 2815 627 2855 q.
730 2804 799 2843 12.
834 2798 1016 2858 σχόλιον
1047 2815 1092 2856 p,
1124 2814 1183 2843 m.
1203 2800 1301 2844 2V.
1395 2804 1463 2844 18.
1496 2799 1527 2855 ἤ
1551 2801 1672 2859 (pr.)]
1704 2816 1764 2846 m.
1783 2800 1882 2846 2V.

257 2859 288 2914 ἥ
313 2859 467 2934 (see.)]
507 2865 642 2934 m.‚2'.
674 2858 728 2903 V.
883 2857 1132 2925 ἢμείζων]
1171 2874 1232 2903 m.
1266 2863 1291 2902 2
1324 2858 1378 2903 V.
1531 2863 1601 2904 19.
1642 2862 1795 2916 μεῖζον
1825 2859 1883 2904 V.

258 2923 328 2962 24.
363 2918 533 2976 ὀξειας]
567 2918 696 2971 οξιας
724 2919 891 2975 postea
921 2933 1007 2963 ms.
1040 2933 1099 2963 m.
1136 2922 1160 2962 1
1192 2917 1248 2975 V,
1282 2932 1369 2962 om.
1401 2933 1445 2974 p.
