1904 3184
175 141 246 195 68
745 140 1029 185 Encmzms
1062 142 1293 186 οΡΠοΑ.

176 265 270 316 διὰ
308 270 408 316 τοῦ
447 267 502 316 A
547 262 742 315 εὐθεῖα
788 260 821 330 ἡ
860 265 1041 314 ΔΑΕ.
1127 260 1292 330 λέγω,
1349 262 1431 314 ὅτι
1479 261 1512 330 ἡ
1558 260 1667 315 ὑπὸ
1709 264 1865 314 ΓΑΒ

174 360 271 421 τῆς
307 351 416 405 ὑπὸ
456 355 616 404 ΕΑΒ
664 349 911 403 ἐλάσσων
950 350 1113 404 ἐστίν.
1194 352 1351 420 ἤχθω
1390 350 1495 420 γὰρ
1535 349 1641 403 ἀπὸ
1681 357 1780 402 τοῦ
1822 352 1875 403 Γ

177 439 265 494 ἐπὶ
303 442 405 510 τὴν
444 445 560 494 ΔΕ
605 440 839 502 κάθετος
882 439 943 493 ἐν
980 447 1055 512 τῷ
1096 438 1333 511 ἐπιπέδῳ
1373 439 1406 508 ἡ
1449 442 1573 507 ΓΖ,
1619 437 1710 492 καὶ
1751 438 1866 492 ἐπε-

178 531 389 599 ζεύχθω
422 530 455 599 ἡ
487 533 608 582 ΒΖ.
666 528 757 582 καὶ
788 528 821 597 ἡ

119 629 145 668 5
180 623 284 672 ΒΖ
324 621 430 687 ἄρα
465 617 553 672 ἐπὶ
585 620 687 687 τὴν
717 622 833 670 ΔΕ

175 708 410 771 κάθετός
457 707 623 761 ἐστιν.
713 705 828 760 ἐπεὶ

177 795 280 852 οὗν
298 797 444 868 ὀρθὴ
470 796 503 865 ἡ
525 796 635 850 ὑπὸ
655 799 828 865 ΓΖΑ,

177 886 335 956 ἡὺπὸ
353 889 519 940 ΑΓΖ
545 887 651 957 ἄρα
679 885 830 939 ἐλάσ-

179 963 294 1029 σων
342 975 534 1046 ὀρθῆς.
620 975 722 1043 τὴν
769 971 830 1027 δὲ

94 1075 149 1114 10
182 1067 402 1134 μείζονα
428 1065 639 1132 γωνίαν
662 1062 695 1132 ἡ
721 1066 829 1133 μεί-

181 1157 286 1219 ζων
309 1154 520 1225 πλευρὰ
534 1153 827 1206 ὑποτείνει.

179 1245 375 1312 μείζων
400 1244 508 1313 ἄρα
534 1241 568 1311 ἡ
595 1245 712 1295 ΑΓ
735 1249 831 1311 τῆς

179 1336 234 1384 A
245 1336 304 1384 Z.
365 1330 484 1385 ἀλλ’
512 1330 545 1400 ἡ
577 1330 686 1384 ὑπὸ
718 1339 830 1384 τῶν

180 1423 313 1490 ΑΓ,
355 1423 456 1474 ΓΒ
502 1419 595 1474 καὶ
641 1420 674 1489 ἡ
720 1420 829 1474 ὑπὸ

92 1519 146 1559 15
179 1519 292 1563 τῶν
328 1512 460 1578 ΒΖ,
502 1514 612 1563 ΖΑ
658 1508 832 1580 ὀρθαί

179 1600 343 1652 εἰσιν·
384 1599 522 1652 ὥστε
561 1597 703 1652 εἰσὶν
743 1599 805 1651 αῖ
841 1601 958 1668 ΓΒ,
992 1602 1097 1651 ΒΖ
1136 1599 1334 1652 ἄνισοι.
1411 1595 1502 1650 καὶ
1541 1595 1574 1665 ἡ
1613 1596 1722 1650 ὑπὸ
1762 1606 1874 1650 τῶν

182 1692 298 1756 ΖΑ,
324 1691 434 1740 ΑΒ
467 1689 572 1757 ἄρα
601 1695 697 1756 τῆς
718 1686 827 1740 ὑπὸ
851 1697 963 1741 τῶν
990 1690 1106 1756 ΓΑ,
1131 1691 1184 1740 A
1194 1691 1240 1740 Β
1274 1686 1387 1740 ἐστι
1418 1689 1630 1756 μείζων.
1674 1686 1904 1770 ὁμοίως(

181 1777 248 1845 δὴ
272 1777 622 1845 δειχθήσεται
647 1774 738 1829 καὶ
752 1786 944 1830 πασῶν
968 1784 1080 1829 τῶν
1096 1784 1316 1844 γωνιῶν
1340 1784 1450 1828 τῶν
1473 1773 1875 1845 περιεχομένων

179 1864 288 1918 ὑπὸ
332 1874 439 1918 τῶν
478 1865 572 1917 διὰ
604 1872 703 1917 τοῦ
735 1870 789 1918 A
828 1863 1173 1935 διαγομένων
1204 1864 1442 1918 εὐθειῶν
1473 1862 1564 1917 καὶ
1594 1873 1875 1918 ποιουσῶν

93 1963 150 2004 20
180 1955 319 2024 πρὸς
342 1962 407 2024 τῇ
427 1957 536 2006 ΑΒ
561 1953 756 2026 εὐθείᾳ
778 1957 989 2022 γωνίαν
1013 1953 1267 2023 ἐλαχίστη
1292 1953 1325 2023 ἡ
1348 1953 1457 2006 ὑπὸ
1482 1962 1594 2007 τῶν
1616 1956 1731 2022 ΓΑ,
1749 1956 1874 2006 ΑΒ.

292 2041 385 2095 καὶ
424 2033 690 2113 φανερόν,
730 2043 831 2112 ὅτι,
872 2042 968 2096 ἐὰν
1009 2043 1216 2114 διαχθῇ
1255 2062 1338 2105 τις
1376 2041 1468 2095 καὶ
1507 2043 1643 2111 ἄλλη
1683 2042 1876 2095 εὐθεῖα

182 2132 276 2184 διὰ
314 2139 414 2185 τοῦ
449 2136 508 2184 -Α
547 2131 622 2194 ὡς
660 2132 693 2201 ἡ
734 2136 788 2184 Α
801 2135 848 2185 Θ
885 2133 1241 2203 πορρώτερον
1280 2128 1420 2186 οὖσα
1458 2138 1555 2201 τῆς
1591 2136 1645 2184 Α
1657 2134 1710 2184 Γ
1737 2132 1899 2202 ἤπερ

181 2221 215 2289 ἡ
240 2225 367 2290 ΑΖ,
398 2223 599 2290 μείζων
632 2223 782 2274 ἔσται
813 2220 846 2289 ἡ
870 2221 979 2274 ὑπὸ
1006 2225 1170 2274 ΒΑΘ
1199 2228 1295 2290 τῆς
1325 2220 1433 2274 ὑπὸ
1459 2224 1563 2274 ΒΑ
1575 2225 1633 2273 Ζ.
1690 2219 1876 2290 ἀχθεί-

182 2323 281 2378 σης
334 2309 439 2380 γὰρ
498 2308 666 2363 πάλιν
720 2307 960 2363 καθέτου
1021 2308 1109 2363 ε’πὶ
1162 2311 1263 2378 τὴν
1309 2313 1423 2363 ΑΘ
1474 2317 1570 2378 τῆς
1617 2311 1729 2363 ΓΚ
1763 2309 1876 2362 ε’πι-

93 2407 150 2448 25
185 2401 472 2467 ζευχθεῖσα
520 2398 553 2468 ἡ
598 2401 712 2450 ΒΚ
753 2397 987 2461 κάθετος
1034 2401 1184 2452 ἔσται
1230 2398 1432 2468 ὁμοίως
1477 2397 1566 2452 ἐπὶ
1608 2399 1710 2467 τὴν
1748 2403 1801 2451 Α
1814 2401 1876 2451 Θ.

182 2486 274 2540 καὶ
315 2485 429 2540 ἐπεὶ
468 2489 669 2556 μείζων
707 2486 740 2555 ἡ
780 2491 888 2540 ΑΛ
926 2495 1021 2557 τῆς
1059 2491 1179 2541 ΑΚ
1214 2485 1421 2559 (ὀρθὴν
1460 2488 1563 2558 γὰρ
1601 2487 1904 2550 ὑποτείνει,

184 2578 286 2645 τὴν
323 2576 433 2629 ὑπὸ
474 2574 702 2648 ΑΚΛ),
755 2580 940 2648 πολλςό
989 2578 1094 2647 ἄρα
1143 2577 1176 2645 ἡ
1215 2579 1325 2629 AZ
1379 2583 1474 2645 τῆς
1513 2578 1633 2628 ΑΚ
1680 2577 1877 2645 μείζων

305 2772 343 2811 1.
379 2766 479 2826 διά]
512 2767 562 2810 in
593 2781 683 2810 ras.
715 2766 770 2811 V.
906 2767 1010 2824 τοῦ]
1044 2780 1159 2812 corr.
1193 2779 1249 2810 ex
1278 2764 1330 2809 τό
1362 2781 1420 2810 m.
1455 2771 1481 2810 2
1513 2765 1569 2810 V.
1691 2763 1882 2823 εὐθεῖα]

184 2840 243 2870 m.
278 2830 304 2869 2
335 2826 466 2882 Vat.;
501 2823 690 2884 σημείου
722 2841 765 2882 V,
797 2825 904 2870 Vat.
938 2841 997 2870 m.
1034 2830 1071 2870 1.
1195 2831 1234 2870 2.
1270 2822 1491 2883 ἐλάσσων]
1525 2821 1733 2882 ἐλαχίστη
1765 2824 1876 2880 Vm,

188 2884 378 2930 ἔλασσον
410 2901 452 2930 v.
554 2891 594 2931 3.
628 2890 671 2930 Δ
682 2885 748 2944 Ε]
780 2887 869 2928 ΑΕ
899 2900 929 2928 v
960 2884 1027 2942 (in
1050 2885 1157 2930 Vat.
1182 2889 1226 2929 A
1257 2887 1304 2928 et
1334 2888 1370 2928 A
1403 2883 1679 2927 difficillime
1712 2883 1878 2940 digno-

186 2946 406 3002 scuntur).
554 2946 635 3004 τῷ]
669 2949 731 3004 τῷ
764 2942 1053 3004 ὑποκειμένῳ
1084 2945 1242 2989 Vat.v.
1387 2948 1428 2988 4.
1463 2944 1567 3002 BZ]
1605 2946 1684 2987 ZB
1715 2942 1875 2987 Vat.v.
