1904 3184
183 108 294 162 230
534 111 887 153 OPTICORUM
916 111 1212 154 RECENSIO
1243 112 1522 155 THEONIS.

184 228 489 300 ἐπεζεύχθω
539 228 599 283 δὲ
645 230 677 299 ἡ
718 234 847 283 ΣΔ.
925 230 1133 284 οὐκοῦν
1181 236 1269 300 ἴση
1317 230 1350 299 ἡ
1395 235 1447 284 Φ
1493 234 1667 300 γωνία
1713 241 1778 303 τῇ
1817 237 1875 286 Σ
1898 291 1904 309 f

183 323 380 392 γωνία·
423 319 484 373 ἐν
522 320 627 391 γὰρ
666 328 742 392 τῷ
782 320 931 392 αὐτῷ
971 322 1212 390 τμήματί
1238 321 1394 374 εἰσιν.
1449 323 1546 374 καί
1573 320 1722 374 ἐστιν
1753 321 1786 390 ἡ
1821 326 1878 374 Σ

191 416 288 478 τῆς
332 413 379 462 Β
435 411 639 477 γωνίας
691 411 910 479 μείζων·
965 407 1058 462 καὶ
1103 408 1136 478 ἡ
1189 413 1240 462 Φ
1294 410 1401 480 ἄρα
1454 411 1629 478 γωνία
1681 418 1777 479 τῆς
1826 414 1872 463 Β

182 499 379 567 μείζων
414 496 578 551 ἐστίν.
632 505 731 551 τοῦ
766 499 872 568 ἄρα
905 496 1145 568 ὄμματος
1176 496 1263 551 ἐπὶ
1295 506 1395 552 τοῦ
1423 502 1468 551 Ζ
1500 497 1660 562 ὄντος
1690 501 1871 569 μεῖζον

124 594 150 634 5
183 595 436 655 φανεῖται
477 587 538 639 τὸ
579 589 696 639 ΚΔ
742 587 878 657 ἤπερ
919 585 1008 640 ἐπὶ
1048 594 1148 640 τοῦ
1187 590 1250 639 Β.

974 794 1047 863 μδ
1057 793 1086 847 ’.

302 913 382 965 Τὸ
416 910 469 965 δ’
493 911 628 964 αὐτὸ
653 912 1005 981 συμβήσεται,
1036 911 1141 964 κᾶν
1163 907 1567 982 amamus
1533 934 1568 984 ῃ
1592 911 1625 981 ἡ
1650 868 1904 983 γραμμὴί
1893 946 1904 1004 ¹.

182 1010 259 1074 τςό
299 999 560 1073 ὁρωμένω
600 999 839 1070 μεγέθει,
879 998 969 1069 ἐφ’
1004 995 1069 1068 ἧς
1107 1000 1169 1054 τὸ
1209 1002 1355 1071 ὄμμα
1393 1004 1734 1070 μεθίσταται.
1895 997 1904 1082 j

295 1093 433 1145 ἔστω
473 1091 578 1160 γὰρ
617 1090 967 1160 παραλληλος
1009 1089 1038 1158 ἡ
1078 1092 1191 1142 ΒΓ
1221 1098 1296 1162 τῷ
1336 1089 1596 1163 ὁρωμένω
1636 1099 1711 1163 τςό
1745 1095 1873 1159 ΔΖ,

95 1188 150 1228 10
181 1178 273 1233 καὶ
314 1180 440 1249 δίχα
479 1181 767 1248 τετμήσθω
807 1177 840 1247 ἡ
879 1182 935 1231 Δ
947 1182 991 1231 Ζ
1030 1179 1167 1231 κατὰ
1205 1179 1267 1231 τὸ
1306 1181 1383 1247 Κ,
1421 1179 1559 1248 πρὸς
1597 1147 1774 1248 ὀρθὰς
1813 1177 1875 1234 δὲ

182 1268 411 1338 ἀνήχθω
450 1267 483 1337 ἡ
524 1271 656 1329 ΚΝ.
734 1270 942 1321 κείσθω
977 1263 1079 1321 οὖν
1123 1268 1184 1321 τὸ
1217 1269 1363 1337 ὄμμα
1403 1266 1489 1320 ἐπὶ
1528 1275 1627 1321 τοῦ
1667 1272 1741 1337 Ν,
1780 1267 1872 1323 καὶ

182 1358 600 1428 ἐπεζεύχθωσαν
642 1357 705 1410 αἰ
738 1360 868 1425 ΝΔ,
906 1360 1047 1426 ΝΖ,
1100 1354 1226 1428 περὶ
1273 1353 1334 1410 δὲ
1380 1358 1483 1426 τὴν
1527 1361 1637 1410 ΔΖ
1691 1366 1873 1428 τμῆμα

182 1447 512 1518 γεγράφθω,
567 1446 596 1500 ὃ
652 1433 860 1510 δέξεται
909 1447 1012 1515 τὴν
1062 1448 1137 1515 Φ,
1178 1450 1231 1499 A
1281 1449 1507 1515 γωνίαν.
1600 1444 1715 1500 ἐπεὶ
1769 1443 1873 1501 οὖν

183 1536 474 1607 διάμετρός
527 1535 677 1589 ἐστιν
730 1534 763 1604 ἡ
811 1538 953 1603 ΚΝ,
1006 1533 1098 1588 καὶ
1144 1535 1283 1606 πρὸς
1329 1534 1506 1606 ὀρθὰς
1559 1533 1653 1588 ἀπ’
1703 1537 1874 1606 ἄκρας

94 1634 148 1673 15
182 1621 341 1694 ἦκται
379 1624 412 1694 ἡ
452 1628 577 1678 ΚΝ
609 1632 675 1696 τῇ
708 1627 828 1692 ΒΓ,
876 1623 908 1692 ἡ
941 1626 1054 1677 ΒΓ
1085 1625 1192 1694 ἄρα
1232 1623 1526 1693 ἐφάπτεται
1565 1632 1664 1677 τοῦ
1696 1628 1822 1678 ΛΝ
1828 1627 1872 1678 Ζ

182 1716 472 1784 τμήματος.
565 1716 908 1784 μετακείσθω
966 1713 1034 1782 δὴ
1082 1714 1143 1766 τὸ
1192 1714 1338 1783 ὄμμα
1385 1711 1473 1767 ἐπὶ
1519 1721 1619 1766 τοῦ
1660 1716 1728 1782 Γ,
1781 1733 1849 1766 κα

179 1805 728 1874 προσβεβλήσθωσαν
776 1803 836 1855 αι’
874 1804 998 1870 ΓΖ,
1040 1805 1166 1872 ΓΔ,
1221 1802 1528 1871 ἐπεζεύχθω
1577 1799 1637 1854 δὲ
1676 1801 1709 1870 ἡ
1750 1805 1855 1855 ΡΖ

182 1892 390 1946 οὐκοῦν
430 1898 519 1961 ἴση
552 1891 585 1960 ἡ
623 1895 690 1959 Φ,
717 1897 769 1944 Α
807 1894 982 1959 γωνία
1020 1899 1086 1961 τῇ
1119 1894 1169 1943 Ρ
1200 1894 1389 1963 γωνίᾳ.
1453 1889 1486 1959 ἡ
1520 1888 1581 1943 δὲ
1613 1894 1663 1943 Ρ
1694 1898 1789 1960 τῆς

180 1983 386 2049 γωνίας
422 1983 620 2050 μείζων
660 1980 832 2033 ἐστίν·
878 1982 1075 2050 μείζων
1113 1981 1221 2050 ἄρα
1259 1978 1351 2033 καὶ
1397 1978 1431 2049 ἡ
1476 1983 1543 2048 Φ,
1575 1983 1630 2032 A
1666 1987 1762 2049 τῆς
1800 1983 1869 2034 Σ.

93 2078 150 2118 20
181 2071 248 2123 τὰ
287 2067 348 2123 δὲ
385 2070 493 2124 ὑπὸ
533 2072 779 2139 μείζονος
816 2072 1022 2137 γωνίας
1053 2068 1305 2140 ὁρώμενα
1337 2072 1556 2139 μείζονα
1591 2071 1867 2138 φαίνεται

183 2161 366 2229 μεῖζον
413 2160 519 2230 ἄρα
559 2167 814 2229 φανεῖται
854 2159 916 2211 τὸ
954 2162 1010 2211 Δ
1022 2161 1066 2210 Ζ
1112 2165 1212 2211 τοῦ
1260 2160 1500 2228 ὄμματος
1546 2155 1631 2211 ἐπὶ
1675 2165 1775 2211 τοῦ
1868 2143 1904 2210 .ἑῖ

180 2246 437 2318 κειμένου
482 2249 619 2318 ἤπερ
660 2245 748 2300 ε’πὶ
788 2255 887 2300 τοῦ
930 2249 988 2300 Γ.
1075 2254 1175 2300 τοῦ
1215 2248 1323 2317 ἄρα
1362 2249 1602 2317 ὄμματος
1650 2244 1738 2299 ἐπὶ
1776 2221 1904 2316 τῆξΞΡ

182 2339 295 2390 ΒΓ
331 2335 737 2406 μεθισταμένου
786 2337 1141 2406 παραλληλου
1190 2337 1360 2405 οὔσης
1406 2343 1471 2406 τῇ
1518 2340 1572 2388 Δ
1585 2339 1629 2388 Ζ
1676 2337 1804 2389 ἄνισ
1866 2319 1904 2395 Ρ

183 2427 439 2494 φαίνεται
478 2425 538 2478 τὸ
580 2424 876 2495 ὁρώμενον.

1856 2580 1874 2606 «Ι

301 2679 341 2718 2.
376 2674 522 2730 εἰσιΡ
491 2689 535 2730 p.
674 2677 713 2718 3.
747 2674 868 2717 Ante
902 2678 937 2717 Β
969 2687 1058 2718 ras.
1094 2678 1116 2716 1
1151 2672 1242 2717 litt.
1276 2673 1330 2718 V.
1461 2671 1492 2716 ἄ
1495 2673 1573 2731 ρα]
1606 2672 1655 2715 in
1686 2686 1776 2716 ras,
1810 2608 1874 2734 V}
1889 2680 1892 2710 ἰ

242 2738 283 2779 4.
319 2731 411 2777 ἐστί
440 2749 485 2790 p
589 2736 629 2777 5.
664 2731 765 2791 ἐπί]
800 2747 938 2806 supra
971 2747 1054 2778 scr
1087 2748 1146 2778 m.
1184 2738 1206 2777 1
1239 2732 1293 2776 V.
1389 2732 1444 2790 B]
1479 2746 1503 2775 e
1537 2746 1649 2775 corr.
1678 2731 1730 2776 V.
1825 2724 1890 2782 62⁴

183 2793 400 2866 μδ]’να
426 2793 520 2849 Vp
554 2796 755 2846 vml
789 2809 849 2849 μη
897 2797 1091 2837 vm2
1203 2785 1703 2858 7.y}]supraser.V.
1798 2794 1867 2836 10.

183 2850 234 2895 δε
267 2852 483 2910 ἀνήχθω]
518 2853 565 2895 δι
549 2868 674 2896 ιιανο
665 2849 779 2909 ’χθω
811 2867 852 2896 V.
965 2856 1033 2895 13.
1066 2852 1121 2910 A]
1153 2853 1320 2908 postea
1351 2849 1436 2895 ins.
1470 2850 1526 2894 V.
1635 2854 1703 2895 15.
1738 2853 1783 2894 Κ
1884 2862 1886 2868 '

180 2915 230 2958 K
272 2925 296 2954 e
342 2925 454 2955 corr.
494 2926 553 2955 m.
594 2924 682 2955 rec.
723 2911 778 2955 V.
963 2915 1030 2955 16.
1078 2911 1180 2969 τοῦ]
1228 2912 1342 2954 mut.
1390 2909 1439 2953 in
1485 2908 1536 2954 τό
1583 2924 1642 2954 m.
1683 2923 1772 2954 rec.
