<?xml version="1.0" encoding="UTF-8"?>
<!DOCTYPE html PUBLIC "-//W3C//DTD XHTML 1.0 Transitional//EN"
    "http://www.w3.org/TR/xhtml1/DTD/xhtml1-transitional.dtd">
<html xmlns="http://www.w3.org/1999/xhtml" xml:lang="en" lang="en">
 <head>
  <title>
</title>
<meta http-equiv="Content-Type" content="text/html;charset=utf-8" />
  <meta name='ocr-system' content='tesseract 3.04.00' />
  <meta name='ocr-capabilities' content='ocr_page ocr_carea ocr_par ocr_line ocrx_word'/>
</head>
<body>
  <div class='ocr_page' id='page_1' title='image "./euclidisoperaomn07eucluoft/euclidisoperaomn07eucluoft_0343.png"; bbox 0 0 1904 3184; ppageno 0'>
   <div class='ocr_carea' id='block_1_1' title="bbox 0 1165 7 2557">
    <p class='ocr_par' dir='ltr' id='par_1_1' title="bbox 0 1165 7 2557">
     <span class='ocr_line' id='line_1_1' title="bbox 0 1165 7 2557; baseline 0 0"><span class='ocrx_word' id='word_1_1' title='bbox 0 1165 7 2557; x_wconf 95' lang='lat' dir='ltr'><em> </em></span> 
     </span>
    </p>
   </div>
   <div class='ocr_carea' id='block_1_2' title="bbox 0 2667 8 3184">
    <p class='ocr_par' dir='ltr' id='par_1_2' title="bbox 0 2630 8 3184">
     <span class='ocr_line' id='line_1_2' title="bbox 0 2667 4 2740; baseline 0 -99"><span class='ocrx_word' id='word_1_2' title='bbox 0 2667 4 2740; x_wconf 47' lang='grc' dir='ltr'>ι</span> 
     </span>
     <span class='ocr_line' id='line_1_3' title="bbox 0 2828 8 2931; baseline 0 -93"><span class='ocrx_word' id='word_1_3' title='bbox 0 2828 8 2931; x_wconf 35' lang='grc' dir='ltr'><em>ᾗ</em></span> 
     </span>
     <span class='ocr_line' id='line_1_4' title="bbox 0 3005 3 3076; baseline 0 0"><span class='ocrx_word' id='word_1_4' title='bbox 0 3005 3 3076; x_wconf 66' lang='grc' dir='ltr'><strong>ῑ</strong></span> 
     </span>
     <span class='ocr_line' id='line_1_5' title="bbox 0 3097 5 3184; baseline 0 0"><span class='ocrx_word' id='word_1_5' title='bbox 0 3097 5 3184; x_wconf 60' lang='grc' dir='ltr'><em>ἓ</em></span> 
     </span>
    </p>
   </div>
   <div class='ocr_carea' id='block_1_3' title="bbox 0 0 19 1169">
    <p class='ocr_par' dir='ltr' id='par_1_3' title="bbox 0 0 19 1169">
     <span class='ocr_line' id='line_1_6' title="bbox 0 0 19 1169; baseline 0 -762"><span class='ocrx_word' id='word_1_6' title='bbox 0 0 19 1169; x_wconf 95' lang='lat' dir='ltr'><em>   </em></span> 
     </span>
    </p>
   </div>
   <div class='ocr_carea' id='block_1_4' title="bbox 7 285 10 302">
    <p class='ocr_par' dir='ltr' id='par_1_4' title="bbox 7 285 10 302">
     <span class='ocr_line' id='line_1_7' title="bbox 7 285 10 302; baseline 0 0"><span class='ocrx_word' id='word_1_7' title='bbox 7 285 10 302; x_wconf 61' lang='lat' dir='ltr'>l</span> 
     </span>
    </p>
   </div>
   <div class='ocr_carea' id='block_1_5' title="bbox 8 377 10 408">
    <p class='ocr_par' dir='ltr' id='par_1_5' title="bbox 8 377 10 408">
     <span class='ocr_line' id='line_1_8' title="bbox 8 377 10 408; baseline 0 0"><span class='ocrx_word' id='word_1_8' title='bbox 8 377 10 408; x_wconf 77' lang='lat'>1</span> 
     </span>
    </p>
   </div>
   <div class='ocr_carea' id='block_1_6' title="bbox 14 0 57 76">
    <p class='ocr_par' dir='ltr' id='par_1_6' title="bbox 14 0 57 76">
     <span class='ocr_line' id='line_1_9' title="bbox 18 3 22 12; baseline 0 0"><span class='ocrx_word' id='word_1_9' title='bbox 18 3 22 12; x_wconf 81' lang='lat'><em>.</em></span> 
     </span>
     <span class='ocr_line' id='line_1_10' title="bbox 14 0 57 54; baseline 0 0"><span class='ocrx_word' id='word_1_10' title='bbox 14 24 21 42; x_wconf 56' lang='grc' dir='ltr'><em>ι’</em></span> <span class='ocrx_word' id='word_1_11' title='bbox 32 0 57 54; x_wconf 63' lang='grc' dir='ltr'><em>Ξ-</em></span> 
     </span>
     <span class='ocr_line' id='line_1_11' title="bbox 32 47 42 63; baseline 0 0"><span class='ocrx_word' id='word_1_12' title='bbox 32 47 42 63; x_wconf 52' lang='lat'><em>⁸⁸7</em></span> 
     </span>
     <span class='ocr_line' id='line_1_12' title="bbox 42 68 46 76; baseline 0 0"><span class='ocrx_word' id='word_1_13' title='bbox 42 68 46 76; x_wconf 96' lang='lat'>.</span> 
     </span>
    </p>
   </div>
   <div class='ocr_carea' id='block_1_7' title="bbox 296 96 1748 149">
    <p class='ocr_par' dir='ltr' id='par_1_7' title="bbox 296 96 1748 149">
     <span class='ocr_line' id='line_1_13' title="bbox 296 96 1748 149; baseline -0.001 -6"><span class='ocrx_word' id='word_1_14' title='bbox 296 102 361 143; x_wconf 81' lang='lat' dir='ltr'><em>IN</em></span> <span class='ocrx_word' id='word_1_15' title='bbox 393 98 744 142; x_wconf 77' lang='lat' dir='ltr'>OPTICORUM</span> <span class='ocrx_word' id='word_1_16' title='bbox 773 97 1204 140; x_wconf 83' lang='lat' dir='ltr'><strong>RECENSIONEM</strong></span> <span class='ocrx_word' id='word_1_17' title='bbox 1234 98 1512 140; x_wconf 86' lang='lat' dir='ltr'><strong>THEONIS.</strong></span> <span class='ocrx_word' id='word_1_18' title='bbox 1643 96 1748 149; x_wconf 81' lang='grc'><em>281</em></span> 
     </span>
    </p>
   </div>
   <div class='ocr_carea' id='block_1_8' title="bbox 8 216 1752 290">
    <p class='ocr_par' dir='ltr' id='par_1_8' title="bbox 8 216 1752 290">
     <span class='ocr_line' id='line_1_14' title="bbox 8 216 1752 290; baseline -0.005 -12"><span class='ocrx_word' id='word_1_19' title='bbox 8 234 10 279; x_wconf 90' lang='lat'>:</span> <span class='ocrx_word' id='word_1_20' title='bbox 62 223 222 290; x_wconf 82' lang='grc' dir='ltr'><em>κοινὴ</em></span> <span class='ocrx_word' id='word_1_21' title='bbox 268 221 620 290; x_wconf 78' lang='grc' dir='ltr'><strong><em>προσκείσθω</em></strong></span> <span class='ocrx_word' id='word_1_22' title='bbox 668 217 702 286; x_wconf 84' lang='grc' dir='ltr'>ἡ</span> <span class='ocrx_word' id='word_1_23' title='bbox 749 216 858 270; x_wconf 84' lang='grc' dir='ltr'><em>ὑπὸ</em></span> <span class='ocrx_word' id='word_1_24' title='bbox 906 220 1110 270; x_wconf 86' lang='grc' dir='ltr'><em>ΗΚΛ·</em></span> <span class='ocrx_word' id='word_1_25' title='bbox 1165 218 1227 271; x_wconf 76' lang='grc' dir='ltr'><em>αἱ</em></span> <span class='ocrx_word' id='word_1_26' title='bbox 1267 217 1376 270; x_wconf 83' lang='grc' dir='ltr'><em>ὑπὸ</em></span> <span class='ocrx_word' id='word_1_27' title='bbox 1426 219 1608 270; x_wconf 90' lang='grc' dir='ltr'><em>ΓΚΗ</em></span> <span class='ocrx_word' id='word_1_28' title='bbox 1646 218 1752 283; x_wconf 77' lang='grc' dir='ltr'><em>ἄρα</em></span> 
     </span>
    </p>
   </div>
   <div class='ocr_carea' id='block_1_9' title="bbox 61 304 1752 374">
    <p class='ocr_par' dir='ltr' id='par_1_9' title="bbox 61 304 1752 374">
     <span class='ocr_line' id='line_1_15' title="bbox 61 304 1752 374; baseline -0.004 -10"><span class='ocrx_word' id='word_1_29' title='bbox 61 313 246 365; x_wconf 89' lang='grc' dir='ltr'><em>ΗΚΔ</em></span> <span class='ocrx_word' id='word_1_30' title='bbox 298 319 417 370; x_wconf 92' lang='grc' dir='ltr'><em>ταῖς</em></span> <span class='ocrx_word' id='word_1_31' title='bbox 469 307 578 360; x_wconf 82' lang='grc' dir='ltr'><em>ὑπὸ</em></span> <span class='ocrx_word' id='word_1_32' title='bbox 632 309 840 374; x_wconf 90' lang='grc' dir='ltr'><em>ΗΚΔ,</em></span> <span class='ocrx_word' id='word_1_33' title='bbox 887 309 1066 358; x_wconf 88' lang='grc' dir='ltr'><em>ΗΒΑ</em></span> <span class='ocrx_word' id='word_1_34' title='bbox 1129 310 1259 360; x_wconf 77' lang='grc' dir='ltr'><em>ἴσαι.</em></span> <span class='ocrx_word' id='word_1_35' title='bbox 1359 304 1479 359; x_wconf 81' lang='grc' dir='ltr'><em>ἀλλ’</em></span> <span class='ocrx_word' id='word_1_36' title='bbox 1533 307 1594 358; x_wconf 77' lang='grc' dir='ltr'><em>αὗ</em></span> <span class='ocrx_word' id='word_1_37' title='bbox 1644 306 1752 358; x_wconf 83' lang='grc' dir='ltr'><em>ὑπὸ</em></span> 
     </span>
    </p>
   </div>
   <div class='ocr_carea' id='block_1_10' title="bbox 8 392 1753 466">
    <p class='ocr_par' dir='ltr' id='par_1_10' title="bbox 8 392 1753 466">
     <span class='ocr_line' id='line_1_16' title="bbox 8 392 1753 466; baseline -0.005 -12"><span class='ocrx_word' id='word_1_38' title='bbox 8 422 9 435; x_wconf 60' lang='lat'>¹</span> <span class='ocrx_word' id='word_1_39' title='bbox 65 401 261 466; x_wconf 87' lang='grc' dir='ltr'><em>ΓΚΗ,</em></span> <span class='ocrx_word' id='word_1_40' title='bbox 292 399 476 450; x_wconf 90' lang='grc' dir='ltr'><em>ΗΚΔ</em></span> <span class='ocrx_word' id='word_1_41' title='bbox 523 392 688 448; x_wconf 82' lang='grc' dir='ltr'><em>δυσὶν</em></span> <span class='ocrx_word' id='word_1_42' title='bbox 733 394 935 465; x_wconf 78' lang='grc' dir='ltr'><em>ὀρθαῖς</em></span> <span class='ocrx_word' id='word_1_43' title='bbox 982 399 1118 447; x_wconf 76' lang='grc' dir='ltr'><em>ἶσαι·</em></span> <span class='ocrx_word' id='word_1_44' title='bbox 1172 393 1264 448; x_wconf 87' lang='grc' dir='ltr'><em>καὶ</em></span> <span class='ocrx_word' id='word_1_45' title='bbox 1303 396 1365 448; x_wconf 76' lang='grc' dir='ltr'><em>αἱ</em></span> <span class='ocrx_word' id='word_1_46' title='bbox 1406 394 1514 448; x_wconf 87' lang='grc' dir='ltr'><em>ὑπὸ</em></span> <span class='ocrx_word' id='word_1_47' title='bbox 1553 397 1753 462; x_wconf 90' lang='grc' dir='ltr'><em>ΗΚΔ,</em></span> 
     </span>
    </p>
   </div>
   <div class='ocr_carea' id='block_1_11' title="bbox 62 482 1842 736">
    <p class='ocr_par' dir='ltr' id='par_1_11' title="bbox 62 482 1842 736">
     <span class='ocr_line' id='line_1_17' title="bbox 62 482 1754 557; baseline -0.004 -15"><span class='ocrx_word' id='word_1_48' title='bbox 62 491 235 542; x_wconf 89' lang='grc' dir='ltr'><em>ΗΒΑ</em></span> <span class='ocrx_word' id='word_1_49' title='bbox 273 488 380 557; x_wconf 80' lang='grc' dir='ltr'><em>ἄρα</em></span> <span class='ocrx_word' id='word_1_50' title='bbox 419 483 586 538; x_wconf 80' lang='grc' dir='ltr'><em>δυσὶν</em></span> <span class='ocrx_word' id='word_1_51' title='bbox 623 483 825 554; x_wconf 80' lang='grc' dir='ltr'><em>ὀρθαῖς</em></span> <span class='ocrx_word' id='word_1_52' title='bbox 865 488 979 536; x_wconf 82' lang='grc' dir='ltr'><em>ἴσαι</em></span> <span class='ocrx_word' id='word_1_53' title='bbox 1020 486 1177 537; x_wconf 83' lang='grc' dir='ltr'><em>εἰσίν.</em></span> <span class='ocrx_word' id='word_1_54' title='bbox 1241 485 1380 538; x_wconf 83' lang='grc' dir='ltr'><em>ὥστε</em></span> <span class='ocrx_word' id='word_1_55' title='bbox 1416 482 1509 536; x_wconf 88' lang='grc' dir='ltr'><em>καὶ</em></span> <span class='ocrx_word' id='word_1_56' title='bbox 1543 483 1605 536; x_wconf 78' lang='grc' dir='ltr'><em>αἱ</em></span> <span class='ocrx_word' id='word_1_57' title='bbox 1640 487 1754 536; x_wconf 87' lang='grc' dir='ltr'><em>λοι-</em></span> 
     </span>
     <span class='ocr_line' id='line_1_18' title="bbox 62 570 1842 643; baseline -0.005 -12"><span class='ocrx_word' id='word_1_58' title='bbox 62 579 179 631; x_wconf 87' lang='grc' dir='ltr'><em>παί.</em></span> <span class='ocrx_word' id='word_1_59' title='bbox 254 574 339 628; x_wconf 83' lang='grc' dir='ltr'><em>ὅτι</em></span> <span class='ocrx_word' id='word_1_60' title='bbox 386 572 472 642; x_wconf 83' lang='grc' dir='ltr'><em>δέ,</em></span> <span class='ocrx_word' id='word_1_61' title='bbox 518 572 615 626; x_wconf 81' lang='grc' dir='ltr'><em>ἐὰν</em></span> <span class='ocrx_word' id='word_1_62' title='bbox 660 573 1068 643; x_wconf 78' lang='grc' dir='ltr'><em>τετραπλεύρου</em></span> <span class='ocrx_word' id='word_1_63' title='bbox 1116 573 1178 625; x_wconf 78' lang='grc' dir='ltr'><em>αἶ</em></span> <span class='ocrx_word' id='word_1_64' title='bbox 1212 572 1543 626; x_wconf 82' lang='grc' dir='ltr'><em>ἀπεναντίον</em></span> <span class='ocrx_word' id='word_1_65' title='bbox 1589 570 1755 626; x_wconf 76' lang='grc' dir='ltr'><em>δυσὶν</em></span> <span class='ocrx_word' id='word_1_66' title='bbox 1817 582 1842 622; x_wconf 86' lang='lat'>5</span> 
     </span>
     <span class='ocr_line' id='line_1_19' title="bbox 66 659 1755 736; baseline -0.003 -17"><span class='ocrx_word' id='word_1_67' title='bbox 66 665 266 736; x_wconf 78' lang='grc' dir='ltr'><em>ὀρθαῖς</em></span> <span class='ocrx_word' id='word_1_68' title='bbox 306 668 421 716; x_wconf 80' lang='grc' dir='ltr'><em>ἴσαι</em></span> <span class='ocrx_word' id='word_1_69' title='bbox 460 659 616 730; x_wconf 80' lang='grc' dir='ltr'><em>ὦσιν,</em></span> <span class='ocrx_word' id='word_1_70' title='bbox 655 660 718 714; x_wconf 81' lang='grc' dir='ltr'><em>ἐν</em></span> <span class='ocrx_word' id='word_1_71' title='bbox 751 661 934 733; x_wconf 76' lang='grc' dir='ltr'><em>κύκλῳ</em></span> <span class='ocrx_word' id='word_1_72' title='bbox 968 659 1083 714; x_wconf 83' lang='grc' dir='ltr'><em>ἐστὶ</em></span> <span class='ocrx_word' id='word_1_73' title='bbox 1114 663 1175 714; x_wconf 89' lang='grc' dir='ltr'><em>τὸ</em></span> <span class='ocrx_word' id='word_1_74' title='bbox 1208 661 1629 733; x_wconf 81' lang='grc' dir='ltr'><em>τετράπλευρον,</em></span> <span class='ocrx_word' id='word_1_75' title='bbox 1669 660 1755 714; x_wconf 83' lang='grc' dir='ltr'><em>δέ-</em></span> 
     </span>
    </p>
   </div>
   <div class='ocr_carea' id='block_1_12' title="bbox 67 751 895 824">
    <p class='ocr_par' dir='ltr' id='par_1_12' title="bbox 67 751 895 824">
     <span class='ocr_line' id='line_1_20' title="bbox 67 751 895 824; baseline -0.006 -16"><span class='ocrx_word' id='word_1_76' title='bbox 67 755 274 808; x_wconf 77' lang='grc' dir='ltr'><em>δεικται</em></span> <span class='ocrx_word' id='word_1_77' title='bbox 314 751 374 805; x_wconf 88' lang='grc' dir='ltr'><em>ε’ν</em></span> <span class='ocrx_word' id='word_1_78' title='bbox 411 759 488 824; x_wconf 77' lang='grc' dir='ltr'><em>τῷ</em></span> <span class='ocrx_word' id='word_1_79' title='bbox 528 751 895 820; x_wconf 85' lang='grc' dir='ltr'><em>ὑπομνήματι.</em></span> 
     </span>
    </p>
   </div>
   <div class='ocr_carea' id='block_1_13' title="bbox 70 897 1851 1597">
    <p class='ocr_par' dir='ltr' id='par_1_13' title="bbox 673 897 1155 968">
     <span class='ocr_line' id='line_1_21' title="bbox 673 897 1155 968; baseline 0 -17"><span class='ocrx_word' id='word_1_80' title='bbox 673 897 760 951; x_wconf 88' lang='lat' dir='ltr'><em>Ad</em></span> <span class='ocrx_word' id='word_1_81' title='bbox 798 917 950 968; x_wconf 85' lang='lat' dir='ltr'>prop.</span> <span class='ocrx_word' id='word_1_82' title='bbox 990 898 1155 951; x_wconf 87' lang='lat' dir='ltr'><strong>XLV.</strong></span> 
     </span>
    </p>

    <p class='ocr_par' dir='ltr' id='par_1_14' title="bbox 181 987 847 1061">
     <span class='ocr_line' id='line_1_22' title="bbox 181 987 847 1061; baseline -0.006 -16"><span class='ocrx_word' id='word_1_83' title='bbox 181 992 266 1045; x_wconf 83' lang='lat'><em>85.</em></span> <span class='ocrx_word' id='word_1_84' title='bbox 329 991 409 1043; x_wconf 94' lang='grc' dir='ltr'><em>Τὸ</em></span> <span class='ocrx_word' id='word_1_85' title='bbox 449 989 584 1042; x_wconf 89' lang='grc' dir='ltr'><em>αὐτὸ</em></span> <span class='ocrx_word' id='word_1_86' title='bbox 623 996 700 1061; x_wconf 77' lang='grc' dir='ltr'><em>τῷ</em></span> <span class='ocrx_word' id='word_1_87' title='bbox 739 987 847 1057; x_wconf 86' lang='grc' dir='ltr'><em>νβ’.</em></span> 
     </span>
    </p>

    <p class='ocr_par' dir='ltr' id='par_1_15' title="bbox 74 1071 1848 1239">
     <span class='ocr_line' id='line_1_23' title="bbox 181 1071 1848 1149; baseline -0.005 -15"><span class='ocrx_word' id='word_1_88' title='bbox 181 1083 296 1134; x_wconf 83' lang='grc' dir='ltr'><em>ἔστι</em></span> <span class='ocrx_word' id='word_1_89' title='bbox 333 1099 417 1143; x_wconf 87' lang='grc' dir='ltr'><em>τις</em></span> <span class='ocrx_word' id='word_1_90' title='bbox 453 1081 620 1141; x_wconf 90' lang='grc' dir='ltr'><em>τόπος</em></span> <span class='ocrx_word' id='word_1_91' title='bbox 657 1080 860 1146; x_wconf 88' lang='grc' dir='ltr'><em>κοινός,</em></span> <span class='ocrx_word' id='word_1_92' title='bbox 901 1077 961 1130; x_wconf 82' lang='grc' dir='ltr'><em>ἐν</em></span> <span class='ocrx_word' id='word_1_93' title='bbox 1001 1071 1046 1149; x_wconf 74' lang='grc' dir='ltr'><em>ᾦ</em></span> <span class='ocrx_word' id='word_1_94' title='bbox 1084 1084 1184 1130; x_wconf 87' lang='grc' dir='ltr'><em>τοῦ</em></span> <span class='ocrx_word' id='word_1_95' title='bbox 1224 1079 1463 1146; x_wconf 82' lang='grc' dir='ltr'><em>ὄμματος</em></span> <span class='ocrx_word' id='word_1_96' title='bbox 1501 1075 1760 1139; x_wconf 81' lang='grc' dir='ltr'><em>τεθέντος</em></span> <span class='ocrx_word' id='word_1_97' title='bbox 1793 1087 1848 1127; x_wconf 91' lang='grc'><em>10</em></span> 
     </span>
     <span class='ocr_line' id='line_1_24' title="bbox 74 1167 1031 1239; baseline -0.005 -15"><span class='ocrx_word' id='word_1_98' title='bbox 74 1171 142 1224; x_wconf 79' lang='grc' dir='ltr'><em>τὰ</em></span> <span class='ocrx_word' id='word_1_99' title='bbox 180 1175 271 1223; x_wconf 85' lang='grc' dir='ltr'><em>ἶσα</em></span> <span class='ocrx_word' id='word_1_100' title='bbox 308 1167 516 1239; x_wconf 81' lang='grc' dir='ltr'><em>μεγέθη</em></span> <span class='ocrx_word' id='word_1_101' title='bbox 556 1169 722 1220; x_wconf 81' lang='grc' dir='ltr'><em>ἄνισα</em></span> <span class='ocrx_word' id='word_1_102' title='bbox 762 1170 1031 1236; x_wconf 83' lang='grc' dir='ltr'><em>φαίνεται.</em></span> 
     </span>
    </p>

    <p class='ocr_par' dir='ltr' id='par_1_16' title="bbox 70 1253 1851 1597">
     <span class='ocr_line' id='line_1_25' title="bbox 182 1253 1760 1327; baseline -0.004 -14"><span class='ocrx_word' id='word_1_103' title='bbox 182 1261 319 1314; x_wconf 83' lang='grc' dir='ltr'><em>ἔστω</em></span> <span class='ocrx_word' id='word_1_104' title='bbox 361 1263 453 1310; x_wconf 81' lang='grc' dir='ltr'><em>ἶσα</em></span> <span class='ocrx_word' id='word_1_105' title='bbox 483 1256 691 1327; x_wconf 79' lang='grc' dir='ltr'><em>μεγέθη</em></span> <span class='ocrx_word' id='word_1_106' title='bbox 723 1257 790 1309; x_wconf 81' lang='grc' dir='ltr'><em>τὰ</em></span> <span class='ocrx_word' id='word_1_107' title='bbox 820 1259 947 1324; x_wconf 90' lang='grc' dir='ltr'><em>ΑΒ,</em></span> <span class='ocrx_word' id='word_1_108' title='bbox 972 1258 1093 1324; x_wconf 95' lang='grc' dir='ltr'><em>ΒΓ,</em></span> <span class='ocrx_word' id='word_1_109' title='bbox 1131 1253 1223 1308; x_wconf 87' lang='grc' dir='ltr'><em>καὶ</em></span> <span class='ocrx_word' id='word_1_110' title='bbox 1254 1256 1411 1324; x_wconf 78' lang='grc' dir='ltr'><em>ἤχθω</em></span> <span class='ocrx_word' id='word_1_111' title='bbox 1446 1254 1552 1308; x_wconf 83' lang='grc' dir='ltr'><em>ἀπὸ</em></span> <span class='ocrx_word' id='word_1_112' title='bbox 1584 1261 1684 1307; x_wconf 87' lang='grc' dir='ltr'><em>τοῦ</em></span> <span class='ocrx_word' id='word_1_113' title='bbox 1713 1257 1760 1306; x_wconf 93' lang='grc' dir='ltr'><strong>Β</strong></span> 
     </span>
     <span class='ocr_line' id='line_1_26' title="bbox 70 1340 1757 1420; baseline -0.004 -17"><span class='ocrx_word' id='word_1_114' title='bbox 70 1349 209 1420; x_wconf 75' lang='grc' dir='ltr'><em>πρὸς</em></span> <span class='ocrx_word' id='word_1_115' title='bbox 254 1347 434 1418; x_wconf 80' lang='grc' dir='ltr'><em>ὀρθὰς</em></span> <span class='ocrx_word' id='word_1_116' title='bbox 477 1347 511 1416; x_wconf 82' lang='grc' dir='ltr'>ἡ</span> <span class='ocrx_word' id='word_1_117' title='bbox 552 1350 658 1399; x_wconf 89' lang='grc' dir='ltr'><em>ΒΔ</em></span> <span class='ocrx_word' id='word_1_118' title='bbox 702 1344 795 1398; x_wconf 81' lang='grc' dir='ltr'><em>καὶ</em></span> <span class='ocrx_word' id='word_1_119' title='bbox 843 1344 1214 1414; x_wconf 83' lang='grc' dir='ltr'><em>ἐκβεβλήσθω.</em></span> <span class='ocrx_word' id='word_1_120' title='bbox 1290 1343 1455 1413; x_wconf 90' lang='grc' dir='ltr'><em>λέγω,</em></span> <span class='ocrx_word' id='word_1_121' title='bbox 1503 1344 1587 1397; x_wconf 85' lang='grc' dir='ltr'><em>ὄτι</em></span> <span class='ocrx_word' id='word_1_122' title='bbox 1624 1340 1757 1396; x_wconf 87' lang='grc' dir='ltr'><em>καθ’</em></span> 
     </span>
     <span class='ocr_line' id='line_1_27' title="bbox 73 1434 1771 1506; baseline -0.005 -14"><span class='ocrx_word' id='word_1_123' title='bbox 73 1438 374 1494; x_wconf 77' lang='grc' dir='ltr'><em>ὁποιονοῦν</em></span> <span class='ocrx_word' id='word_1_124' title='bbox 410 1444 508 1505; x_wconf 85' lang='grc' dir='ltr'><em>τῆς</em></span> <span class='ocrx_word' id='word_1_125' title='bbox 546 1439 651 1489; x_wconf 90' lang='grc' dir='ltr'><em>ΒΔ</em></span> <span class='ocrx_word' id='word_1_126' title='bbox 689 1434 854 1506; x_wconf 90' lang='grc' dir='ltr'><em>μέρος</em></span> <span class='ocrx_word' id='word_1_127' title='bbox 892 1440 1029 1504; x_wconf 78' lang='grc' dir='ltr'><em>τεθῇ</em></span> <span class='ocrx_word' id='word_1_128' title='bbox 1069 1435 1131 1488; x_wconf 89' lang='grc' dir='ltr'><em>τὸ</em></span> <span class='ocrx_word' id='word_1_129' title='bbox 1171 1436 1340 1503; x_wconf 90' lang='grc' dir='ltr'><em>ὄμμα,</em></span> <span class='ocrx_word' id='word_1_130' title='bbox 1386 1434 1453 1486; x_wconf 78' lang='grc' dir='ltr'><em>τὰ</em></span> <span class='ocrx_word' id='word_1_131' title='bbox 1492 1436 1627 1501; x_wconf 92' lang='grc' dir='ltr'><em>ΑΒ,</em></span> <span class='ocrx_word' id='word_1_132' title='bbox 1657 1434 1771 1484; x_wconf 90' lang='grc' dir='ltr'><em>ΒΓ</em></span> 
     </span>
     <span class='ocr_line' id='line_1_28' title="bbox 76 1524 1851 1597; baseline -0.005 -15"><span class='ocrx_word' id='word_1_133' title='bbox 76 1531 169 1582; x_wconf 73' lang='grc' dir='ltr'><em>ἴσα</em></span> <span class='ocrx_word' id='word_1_134' title='bbox 214 1530 484 1597; x_wconf 86' lang='grc' dir='ltr'><em>φαίνεται.</em></span> <span class='ocrx_word' id='word_1_135' title='bbox 561 1527 659 1578; x_wconf 87' lang='grc' dir='ltr'><em>καί</em></span> <span class='ocrx_word' id='word_1_136' title='bbox 701 1524 816 1578; x_wconf 83' lang='grc' dir='ltr'><em>ἐστι</em></span> <span class='ocrx_word' id='word_1_137' title='bbox 863 1524 1106 1577; x_wconf 87' lang='grc' dir='ltr'><em>αὐτόθεν</em></span> <span class='ocrx_word' id='word_1_138' title='bbox 1154 1524 1339 1592; x_wconf 81' lang='grc' dir='ltr'><em>δῆλον.</em></span> <span class='ocrx_word' id='word_1_139' title='bbox 1421 1525 1761 1592; x_wconf 90' lang='grc' dir='ltr'><em>μετακείσθω</em></span> <span class='ocrx_word' id='word_1_140' title='bbox 1796 1532 1851 1572; x_wconf 89' lang='lat'><em>15</em></span> 
     </span>
    </p>
   </div>
   <div class='ocr_carea' id='block_1_14' title="bbox 6 1610 1767 1694">
    <p class='ocr_par' dir='ltr' id='par_1_17' title="bbox 6 1610 1767 1694">
     <span class='ocr_line' id='line_1_29' title="bbox 6 1610 1767 1694; baseline -0.004 -24"><span class='ocrx_word' id='word_1_141' title='bbox 6 1617 10 1694; x_wconf 56' lang='grc' dir='ltr'>ζ</span> <span class='ocrx_word' id='word_1_142' title='bbox 76 1616 146 1686; x_wconf 75' lang='grc' dir='ltr'><em>δὴ</em></span> <span class='ocrx_word' id='word_1_143' title='bbox 190 1617 252 1670; x_wconf 91' lang='grc' dir='ltr'><em>τὸ</em></span> <span class='ocrx_word' id='word_1_144' title='bbox 299 1617 446 1685; x_wconf 89' lang='grc' dir='ltr'><em>ὄμμα</em></span> <span class='ocrx_word' id='word_1_145' title='bbox 490 1612 583 1667; x_wconf 84' lang='grc' dir='ltr'><em>καὶ</em></span> <span class='ocrx_word' id='word_1_146' title='bbox 629 1616 767 1667; x_wconf 79' lang='grc' dir='ltr'><em>ἔστω</em></span> <span class='ocrx_word' id='word_1_147' title='bbox 815 1614 877 1666; x_wconf 90' lang='grc' dir='ltr'><em>τὸ</em></span> <span class='ocrx_word' id='word_1_148' title='bbox 924 1616 988 1665; x_wconf 90' lang='grc' dir='ltr'><em>Ε.</em></span> <span class='ocrx_word' id='word_1_149' title='bbox 1066 1611 1230 1680; x_wconf 85' lang='grc' dir='ltr'><em>λέγω,</em></span> <span class='ocrx_word' id='word_1_150' title='bbox 1286 1612 1370 1664; x_wconf 85' lang='grc' dir='ltr'><em>ὄτι</em></span> <span class='ocrx_word' id='word_1_151' title='bbox 1417 1610 1522 1664; x_wconf 83' lang='grc' dir='ltr'><em>ἀπὸ</em></span> <span class='ocrx_word' id='word_1_152' title='bbox 1569 1618 1669 1663; x_wconf 88' lang='grc' dir='ltr'><em>τοῦ</em></span> <span class='ocrx_word' id='word_1_153' title='bbox 1715 1614 1767 1663; x_wconf 94' lang='grc' dir='ltr'><em>Ε</em></span> 
     </span>
    </p>
   </div>
   <div class='ocr_carea' id='block_1_15' title="bbox 8 1700 1765 1774">
    <p class='ocr_par' dir='ltr' id='par_1_18' title="bbox 8 1700 1765 1774">
     <span class='ocr_line' id='line_1_30' title="bbox 8 1700 1765 1774; baseline -0.005 -14"><span class='ocrx_word' id='word_1_154' title='bbox 8 1702 9 1706; x_wconf 49' lang='grc'>’</span> <span class='ocrx_word' id='word_1_155' title='bbox 75 1706 240 1760; x_wconf 74' lang='grc' dir='ltr'><em>ἄνισα</em></span> <span class='ocrx_word' id='word_1_156' title='bbox 278 1708 550 1774; x_wconf 86' lang='grc' dir='ltr'><em>φαίνεται.</em></span> <span class='ocrx_word' id='word_1_157' title='bbox 611 1701 1105 1773; x_wconf 82' lang='grc' dir='ltr'><em>προσπιπτέτωσαν</em></span> <span class='ocrx_word' id='word_1_158' title='bbox 1143 1702 1248 1771; x_wconf 79' lang='grc' dir='ltr'><em>γὰρ</em></span> <span class='ocrx_word' id='word_1_159' title='bbox 1290 1700 1504 1763; x_wconf 82' lang='grc' dir='ltr'><em>ἀκτῖνες</em></span> <span class='ocrx_word' id='word_1_160' title='bbox 1542 1701 1604 1753; x_wconf 78' lang='grc' dir='ltr'><em>αἱ</em></span> <span class='ocrx_word' id='word_1_161' title='bbox 1637 1704 1691 1752; x_wconf 90' lang='grc' dir='ltr'><em>Α</em></span> <span class='ocrx_word' id='word_1_162' title='bbox 1699 1703 1765 1767; x_wconf 91' lang='grc' dir='ltr'><em>Ε,</em></span> 
     </span>
    </p>
   </div>
   <div class='ocr_carea' id='block_1_16' title="bbox 77 1789 1856 2222">
    <p class='ocr_par' dir='ltr' id='par_1_19' title="bbox 77 1789 1856 2222">
     <span class='ocr_line' id='line_1_31' title="bbox 77 1789 1766 1864; baseline -0.005 -14"><span class='ocrx_word' id='word_1_163' title='bbox 77 1798 201 1864; x_wconf 89' lang='grc' dir='ltr'><em>ΕΒ,</em></span> <span class='ocrx_word' id='word_1_164' title='bbox 225 1797 346 1863; x_wconf 92' lang='grc' dir='ltr'><em>ΕΓ,</em></span> <span class='ocrx_word' id='word_1_165' title='bbox 377 1792 469 1846; x_wconf 88' lang='grc' dir='ltr'><em>καὶ</em></span> <span class='ocrx_word' id='word_1_166' title='bbox 492 1793 798 1863; x_wconf 77' lang='grc' dir='ltr'><em>γεγράφθω</em></span> <span class='ocrx_word' id='word_1_167' title='bbox 824 1790 949 1862; x_wconf 85' lang='grc' dir='ltr'><em>περὶ</em></span> <span class='ocrx_word' id='word_1_168' title='bbox 974 1793 1036 1844; x_wconf 90' lang='grc' dir='ltr'><em>τὸ</em></span> <span class='ocrx_word' id='word_1_169' title='bbox 1060 1794 1231 1844; x_wconf 88' lang='grc' dir='ltr'><em>ΑΓΕ</em></span> <span class='ocrx_word' id='word_1_170' title='bbox 1250 1793 1526 1861; x_wconf 86' lang='grc' dir='ltr'><em>τρίγωνον</em></span> <span class='ocrx_word' id='word_1_171' title='bbox 1549 1789 1766 1855; x_wconf 80' lang='grc' dir='ltr'><em>κύκλος,</em></span> 
     </span>
     <span class='ocr_line' id='line_1_32' title="bbox 77 1876 1764 1952; baseline -0.005 -15"><span class='ocrx_word' id='word_1_172' title='bbox 77 1882 170 1937; x_wconf 78' lang='grc' dir='ltr'><em>καὶ</em></span> <span class='ocrx_word' id='word_1_173' title='bbox 208 1883 560 1952; x_wconf 82' lang='grc' dir='ltr'><em>ἐκβεβλήσθω</em></span> <span class='ocrx_word' id='word_1_174' title='bbox 600 1882 634 1950; x_wconf 81' lang='grc' dir='ltr'><em>ἡ</em></span> <span class='ocrx_word' id='word_1_175' title='bbox 674 1886 780 1935; x_wconf 91' lang='grc' dir='ltr'><em>ΕΒ</em></span> <span class='ocrx_word' id='word_1_176' title='bbox 819 1880 908 1935; x_wconf 83' lang='grc' dir='ltr'><em>ἐπὶ</em></span> <span class='ocrx_word' id='word_1_177' title='bbox 946 1882 1007 1934; x_wconf 91' lang='grc' dir='ltr'><em>τὸ</em></span> <span class='ocrx_word' id='word_1_178' title='bbox 1039 1884 1112 1933; x_wconf 91' lang='grc' dir='ltr'><em>Η.</em></span> <span class='ocrx_word' id='word_1_179' title='bbox 1175 1878 1289 1933; x_wconf 87' lang='grc' dir='ltr'><em>ε’πεὶ</em></span> <span class='ocrx_word' id='word_1_180' title='bbox 1321 1876 1424 1933; x_wconf 84' lang='grc' dir='ltr'><em>οὗν</em></span> <span class='ocrx_word' id='word_1_181' title='bbox 1464 1883 1554 1946; x_wconf 80' lang='grc' dir='ltr'><em>ἴση</em></span> <span class='ocrx_word' id='word_1_182' title='bbox 1591 1878 1623 1946; x_wconf 84' lang='grc' dir='ltr'><em>ἡ</em></span> <span class='ocrx_word' id='word_1_183' title='bbox 1656 1879 1764 1930; x_wconf 92' lang='grc' dir='ltr'><em>ΑΒ</em></span> 
     </span>
     <span class='ocr_line' id='line_1_33' title="bbox 79 1963 1856 2044; baseline -0.005 -18"><span class='ocrx_word' id='word_1_184' title='bbox 79 1981 147 2044; x_wconf 82' lang='grc' dir='ltr'><em>τῇ</em></span> <span class='ocrx_word' id='word_1_185' title='bbox 190 1975 319 2041; x_wconf 93' lang='grc' dir='ltr'><em>ΒΓ,</em></span> <span class='ocrx_word' id='word_1_186' title='bbox 373 1975 571 2042; x_wconf 82' lang='grc' dir='ltr'><em>μείζων</em></span> <span class='ocrx_word' id='word_1_187' title='bbox 618 1968 679 2024; x_wconf 72' lang='grc' dir='ltr'><em>δὲ</em></span> <span class='ocrx_word' id='word_1_188' title='bbox 724 1970 758 2039; x_wconf 84' lang='grc' dir='ltr'><em>ἡ</em></span> <span class='ocrx_word' id='word_1_189' title='bbox 809 1973 914 2023; x_wconf 93' lang='grc' dir='ltr'><em>ΓΕ</em></span> <span class='ocrx_word' id='word_1_190' title='bbox 956 1978 1053 2039; x_wconf 81' lang='grc' dir='ltr'><em>τῆς</em></span> <span class='ocrx_word' id='word_1_191' title='bbox 1090 1973 1226 2038; x_wconf 92' lang='grc' dir='ltr'><em>ΑΕ,</em></span> <span class='ocrx_word' id='word_1_192' title='bbox 1280 1971 1478 2038; x_wconf 82' lang='grc' dir='ltr'><em>μείζων</em></span> <span class='ocrx_word' id='word_1_193' title='bbox 1523 1968 1631 2038; x_wconf 80' lang='grc' dir='ltr'><em>ἄρα</em></span> <span class='ocrx_word' id='word_1_194' title='bbox 1675 1963 1767 2018; x_wconf 90' lang='grc' dir='ltr'><em>καὶ</em></span> <span class='ocrx_word' id='word_1_195' title='bbox 1798 1975 1856 2016; x_wconf 80' lang='lat'><em>20</em></span> 
     </span>
     <span class='ocr_line' id='line_1_34' title="bbox 82 2057 1767 2131; baseline -0.005 -15"><span class='ocrx_word' id='word_1_196' title='bbox 82 2065 255 2131; x_wconf 86' lang='grc' dir='ltr'><em>γωνία</em></span> <span class='ocrx_word' id='word_1_197' title='bbox 302 2062 335 2131; x_wconf 84' lang='grc' dir='ltr'><em>ἡ</em></span> <span class='ocrx_word' id='word_1_198' title='bbox 381 2062 490 2115; x_wconf 87' lang='grc' dir='ltr'><em>ὑπὸ</em></span> <span class='ocrx_word' id='word_1_199' title='bbox 537 2070 650 2114; x_wconf 84' lang='grc' dir='ltr'><em>τῶν</em></span> <span class='ocrx_word' id='word_1_200' title='bbox 697 2064 831 2129; x_wconf 91' lang='grc' dir='ltr'><em>ΑΕ,</em></span> <span class='ocrx_word' id='word_1_201' title='bbox 870 2063 976 2112; x_wconf 92' lang='grc' dir='ltr'><em>ΕΒ</em></span> <span class='ocrx_word' id='word_1_202' title='bbox 1028 2067 1124 2127; x_wconf 80' lang='grc' dir='ltr'><em>τῆς</em></span> <span class='ocrx_word' id='word_1_203' title='bbox 1168 2058 1277 2111; x_wconf 85' lang='grc' dir='ltr'><em>ὑπὸ</em></span> <span class='ocrx_word' id='word_1_204' title='bbox 1323 2067 1434 2111; x_wconf 84' lang='grc' dir='ltr'><em>τῶν</em></span> <span class='ocrx_word' id='word_1_205' title='bbox 1482 2060 1610 2123; x_wconf 91' lang='grc' dir='ltr'><em>ΒΕ,</em></span> <span class='ocrx_word' id='word_1_206' title='bbox 1649 2057 1767 2108; x_wconf 92' lang='grc' dir='ltr'><em>ΕΓ.</em></span> 
     </span>
     <span class='ocr_line' id='line_1_35' title="bbox 83 2141 1768 2222; baseline -0.005 -17"><span class='ocrx_word' id='word_1_207' title='bbox 83 2153 279 2222; x_wconf 80' lang='grc' dir='ltr'><em>μείζων</em></span> <span class='ocrx_word' id='word_1_208' title='bbox 325 2152 432 2221; x_wconf 77' lang='grc' dir='ltr'><em>ἄρα</em></span> <span class='ocrx_word' id='word_1_209' title='bbox 479 2151 784 2220; x_wconf 83' lang='grc' dir='ltr'><em>φανήσεται</em></span> <span class='ocrx_word' id='word_1_210' title='bbox 829 2147 863 2217; x_wconf 81' lang='grc' dir='ltr'>ἡ</span> <span class='ocrx_word' id='word_1_211' title='bbox 903 2151 1011 2201; x_wconf 90' lang='grc' dir='ltr'><em>ΑΒ</em></span> <span class='ocrx_word' id='word_1_212' title='bbox 1060 2156 1156 2217; x_wconf 82' lang='grc' dir='ltr'><em>τῆς</em></span> <span class='ocrx_word' id='word_1_213' title='bbox 1194 2149 1313 2200; x_wconf 92' lang='grc' dir='ltr'><em>ΒΓ.</em></span> <span class='ocrx_word' id='word_1_214' title='bbox 1390 2145 1652 2207; x_wconf 85' lang='grc' dir='ltr'><em>ὡσαύτως</em></span> <span class='ocrx_word' id='word_1_215' title='bbox 1690 2141 1768 2212; x_wconf 80' lang='grc' dir='ltr'><em>δέ,</em></span> 
     </span>
    </p>
   </div>
   <div class='ocr_carea' id='block_1_17' title="bbox 0 2229 1858 2575">
    <p class='ocr_par' dir='ltr' id='par_1_20' title="bbox 0 2229 1858 2575">
     <span class='ocr_line' id='line_1_36' title="bbox 5 2229 1770 2310; baseline -0.006 -15"><span class='ocrx_word' id='word_1_216' title='bbox 5 2251 9 2279; x_wconf 68' lang='lat' dir='ltr'>e</span> <span class='ocrx_word' id='word_1_217' title='bbox 85 2238 190 2294; x_wconf 80' lang='grc' dir='ltr'><em>κᾶν</em></span> <span class='ocrx_word' id='word_1_218' title='bbox 226 2237 327 2310; x_wconf 74' lang='grc' dir='ltr'><em>μὲν</em></span> <span class='ocrx_word' id='word_1_219' title='bbox 367 2237 453 2293; x_wconf 84' lang='grc' dir='ltr'><em>ἐπὶ</em></span> <span class='ocrx_word' id='word_1_220' title='bbox 491 2246 588 2308; x_wconf 84' lang='grc' dir='ltr'><em>τῆς</em></span> <span class='ocrx_word' id='word_1_221' title='bbox 627 2241 733 2290; x_wconf 93' lang='grc' dir='ltr'><em>ΒΖ</em></span> <span class='ocrx_word' id='word_1_222' title='bbox 771 2242 932 2307; x_wconf 78' lang='grc' dir='ltr'><em>τεθῇ,</em></span> <span class='ocrx_word' id='word_1_223' title='bbox 989 2241 1080 2289; x_wconf 79' lang='grc' dir='ltr'><em>ἴσα</em></span> <span class='ocrx_word' id='word_1_224' title='bbox 1113 2239 1393 2306; x_wconf 84' lang='grc' dir='ltr'><em>φαίνεται,</em></span> <span class='ocrx_word' id='word_1_225' title='bbox 1447 2233 1543 2287; x_wconf 80' lang='grc' dir='ltr'><em>ἐὰν</em></span> <span class='ocrx_word' id='word_1_226' title='bbox 1582 2229 1643 2285; x_wconf 73' lang='grc' dir='ltr'><em>δὲ</em></span> <span class='ocrx_word' id='word_1_227' title='bbox 1683 2230 1770 2285; x_wconf 84' lang='grc' dir='ltr'><em>ἐπὶ</em></span> 
     </span>
     <span class='ocr_line' id='line_1_37' title="bbox 0 2322 1769 2397; baseline -0.006 -14"><span class='ocrx_word' id='word_1_228' title='bbox 0 2326 1 2392; x_wconf 62' lang='lat' dir='ltr'>J</span> <span class='ocrx_word' id='word_1_229' title='bbox 86 2335 181 2397; x_wconf 79' lang='grc' dir='ltr'><em>τῆς</em></span> <span class='ocrx_word' id='word_1_230' title='bbox 218 2332 357 2397; x_wconf 90' lang='grc' dir='ltr'><em>ΒΗ,</em></span> <span class='ocrx_word' id='word_1_231' title='bbox 403 2329 584 2381; x_wconf 79' lang='grc' dir='ltr'><em>ἄνισα.</em></span> <span class='ocrx_word' id='word_1_232' title='bbox 661 2326 863 2396; x_wconf 85' lang='grc' dir='ltr'><em>ὁμοίως</em></span> <span class='ocrx_word' id='word_1_233' title='bbox 910 2322 970 2378; x_wconf 75' lang='grc' dir='ltr'><em>δὲ</em></span> <span class='ocrx_word' id='word_1_234' title='bbox 1016 2323 1107 2377; x_wconf 91' lang='grc' dir='ltr'><em>καὶ</em></span> <span class='ocrx_word' id='word_1_235' title='bbox 1155 2323 1244 2378; x_wconf 88' lang='grc' dir='ltr'><em>ε’πὶ</em></span> <span class='ocrx_word' id='word_1_236' title='bbox 1290 2333 1402 2377; x_wconf 86' lang='grc' dir='ltr'><em>τῶν</em></span> <span class='ocrx_word' id='word_1_237' title='bbox 1440 2324 1624 2375; x_wconf 80' lang='grc' dir='ltr'><em>ἄλλων</em></span> <span class='ocrx_word' id='word_1_238' title='bbox 1669 2327 1769 2373; x_wconf 88' lang='grc' dir='ltr'><em>τοῦ</em></span> 
     </span>
     <span class='ocr_line' id='line_1_38' title="bbox 0 2411 1858 2488; baseline -0.006 -17"><span class='ocrx_word' id='word_1_239' title='bbox 0 2414 8 2470; x_wconf 56' lang='lat' dir='ltr'><strong><em>s</em></strong></span> <span class='ocrx_word' id='word_1_240' title='bbox 86 2417 290 2471; x_wconf 78' lang='grc' dir='ltr'><em>κύκλου</em></span> <span class='ocrx_word' id='word_1_241' title='bbox 321 2428 503 2488; x_wconf 86' lang='grc' dir='ltr'><em>μερῶν</em></span> <span class='ocrx_word' id='word_1_242' title='bbox 534 2414 702 2486; x_wconf 84' lang='grc' dir='ltr'><em>χωρὶς</em></span> <span class='ocrx_word' id='word_1_243' title='bbox 732 2423 828 2484; x_wconf 81' lang='grc' dir='ltr'><em>τῆς</em></span> <span class='ocrx_word' id='word_1_244' title='bbox 858 2415 996 2484; x_wconf 90' lang='grc' dir='ltr'><em>πρὸς</em></span> <span class='ocrx_word' id='word_1_245' title='bbox 1027 2413 1205 2485; x_wconf 84' lang='grc' dir='ltr'><em>ὀρθὰς</em></span> <span class='ocrx_word' id='word_1_246' title='bbox 1237 2413 1333 2467; x_wconf 80' lang='grc' dir='ltr'><em>ἐὰν</em></span> <span class='ocrx_word' id='word_1_247' title='bbox 1360 2417 1497 2482; x_wconf 79' lang='grc' dir='ltr'><em>τεθῇ</em></span> <span class='ocrx_word' id='word_1_248' title='bbox 1521 2412 1582 2464; x_wconf 88' lang='grc' dir='ltr'><em>τὸ</em></span> <span class='ocrx_word' id='word_1_249' title='bbox 1607 2411 1770 2480; x_wconf 89' lang='grc' dir='ltr'><em>ὄμμα,</em></span> <span class='ocrx_word' id='word_1_250' title='bbox 1801 2419 1858 2459; x_wconf 81' lang='lat'><em>25</em></span> 
     </span>
     <span class='ocr_line' id='line_1_39' title="bbox 0 2505 558 2575; baseline -0.002 -16"><span class='ocrx_word' id='word_1_251' title='bbox 0 2518 1 2522; x_wconf 77' lang='grc'>’</span> <span class='ocrx_word' id='word_1_252' title='bbox 89 2505 251 2559; x_wconf 77' lang='grc' dir='ltr'><em>ἄνισα</em></span> <span class='ocrx_word' id='word_1_253' title='bbox 288 2509 558 2575; x_wconf 88' lang='grc' dir='ltr'><em>φαίνεται.</em></span> 
     </span>
    </p>
   </div>
   <div class='ocr_carea' id='block_1_18' title="bbox 1277 2553 1301 2579">
    <p class='ocr_par' dir='ltr' id='par_1_21' title="bbox 1277 2553 1301 2579">
     <span class='ocr_line' id='line_1_40' title="bbox 1277 2553 1301 2579; baseline 0 0"><span class='ocrx_word' id='word_1_254' title='bbox 1277 2553 1301 2579; x_wconf 76' lang='lat'><em>0</em></span> 
     </span>
    </p>
   </div>
   <div class='ocr_carea' id='block_1_19' title="bbox 88 2602 439 2611">
    <p class='ocr_par' dir='ltr' id='par_1_22' title="bbox 88 2602 439 2611">
     <span class='ocr_line' id='line_1_41' title="bbox 88 2602 439 2611; baseline 0 573"><span class='ocrx_word' id='word_1_255' title='bbox 88 2602 439 2611; x_wconf 95' lang='lat' dir='ltr'><em> </em></span> 
     </span>
    </p>
   </div>
   <div class='ocr_carea' id='block_1_20' title="bbox 206 2645 1284 2709">
    <p class='ocr_par' dir='ltr' id='par_1_23' title="bbox 206 2645 1284 2709">
     <span class='ocr_line' id='line_1_42' title="bbox 206 2645 1284 2709; baseline -0.006 -14"><span class='ocrx_word' id='word_1_256' title='bbox 206 2654 277 2697; x_wconf 85' lang='grc'><em>85.</em></span> <span class='ocrx_word' id='word_1_257' title='bbox 308 2651 391 2708; x_wconf 89' lang='lat' dir='ltr'><em>Vq</em></span> <span class='ocrx_word' id='word_1_258' title='bbox 423 2653 549 2708; x_wconf 75' lang='lat' dir='ltr'>(post</span> <span class='ocrx_word' id='word_1_259' title='bbox 580 2654 650 2707; x_wconf 84' lang='lat'><em>45,</em></span> <span class='ocrx_word' id='word_1_260' title='bbox 683 2649 761 2709; x_wconf 85' lang='grc' dir='ltr'><em>νβ’</em></span> <span class='ocrx_word' id='word_1_261' title='bbox 787 2649 846 2706; x_wconf 90' lang='lat' dir='ltr'><em>V)</em></span> <span class='ocrx_word' id='word_1_262' title='bbox 878 2647 1017 2705; x_wconf 64' lang='lat' dir='ltr'>(Vin</span> <span class='ocrx_word' id='word_1_263' title='bbox 1047 2662 1137 2704; x_wconf 88' lang='lat' dir='ltr'><em>mg.</em></span> <span class='ocrx_word' id='word_1_264' title='bbox 1172 2645 1284 2703; x_wconf 63' lang='lat' dir='ltr'>inf).</span> 
     </span>
    </p>
   </div>
   <div class='ocr_carea' id='block_1_21' title="bbox 89 2734 440 2744">
    <p class='ocr_par' dir='ltr' id='par_1_24' title="bbox 89 2734 440 2744">
     <span class='ocr_line' id='line_1_43' title="bbox 89 2734 440 2744; baseline 0 440"><span class='ocrx_word' id='word_1_265' title='bbox 89 2734 440 2744; x_wconf 95' lang='lat' dir='ltr'><em> </em></span> 
     </span>
    </p>
   </div>
   <div class='ocr_carea' id='block_1_22' title="bbox 90 2776 1772 2958">
    <p class='ocr_par' dir='ltr' id='par_1_25' title="bbox 90 2776 1772 2958">
     <span class='ocr_line' id='line_1_44' title="bbox 160 2776 1771 2844; baseline -0.006 -15"><span class='ocrx_word' id='word_1_266' title='bbox 160 2783 167 2791; x_wconf 58' lang='lat'>⁸</span> <span class='ocrx_word' id='word_1_267' title='bbox 207 2788 250 2831; x_wconf 80' lang='lat'><em>2.</em></span> <span class='ocrx_word' id='word_1_268' title='bbox 279 2784 351 2844; x_wconf 76' lang='grc' dir='ltr'><em>αἱ]</em></span> <span class='ocrx_word' id='word_1_269' title='bbox 382 2798 531 2842; x_wconf 83' lang='lat' dir='ltr'><strong>comp.</strong></span> <span class='ocrx_word' id='word_1_270' title='bbox 563 2784 619 2840; x_wconf 88' lang='lat' dir='ltr'><em>V,</em></span> <span class='ocrx_word' id='word_1_271' title='bbox 654 2797 747 2838; x_wconf 82' lang='lat' dir='ltr'>seq.</span> <span class='ocrx_word' id='word_1_272' title='bbox 780 2796 869 2826; x_wconf 78' lang='lat' dir='ltr'><em>ras,</em></span> <span class='ocrx_word' id='word_1_273' title='bbox 1003 2787 1043 2825; x_wconf 87' lang='grc'><em>3.</em></span> <span class='ocrx_word' id='word_1_274' title='bbox 1077 2780 1146 2839; x_wconf 79' lang='grc' dir='ltr'><em>αἱ]</em></span> <span class='ocrx_word' id='word_1_275' title='bbox 1179 2779 1229 2822; x_wconf 90' lang='lat' dir='ltr'><em>in</em></span> <span class='ocrx_word' id='word_1_276' title='bbox 1260 2793 1348 2823; x_wconf 75' lang='lat' dir='ltr'><strong>rae.</strong></span> <span class='ocrx_word' id='word_1_277' title='bbox 1382 2778 1436 2823; x_wconf 92' lang='lat' dir='ltr'><em>V.</em></span> <span class='ocrx_word' id='word_1_278' title='bbox 1567 2783 1607 2823; x_wconf 89' lang='lat'><em>9.</em></span> <span class='ocrx_word' id='word_1_279' title='bbox 1639 2776 1712 2835; x_wconf 89' lang='grc' dir='ltr'><em>τό]</em></span> <span class='ocrx_word' id='word_1_280' title='bbox 1747 2790 1771 2820; x_wconf 81' lang='lat' dir='ltr'>e</span> 
     </span>
     <span class='ocr_line' id='line_1_45' title="bbox 93 2840 1772 2900; baseline -0.006 -11"><span class='ocrx_word' id='word_1_281' title='bbox 93 2854 205 2889; x_wconf 64' lang='lat' dir='ltr'>corr.</span> <span class='ocrx_word' id='word_1_282' title='bbox 236 2858 296 2888; x_wconf 89' lang='lat' dir='ltr'><em>m.</em></span> <span class='ocrx_word' id='word_1_283' title='bbox 327 2857 415 2889; x_wconf 86' lang='lat' dir='ltr'><strong>rec.</strong></span> <span class='ocrx_word' id='word_1_284' title='bbox 440 2844 495 2889; x_wconf 89' lang='lat' dir='ltr'><em>V.</em></span> <span class='ocrx_word' id='word_1_285' title='bbox 619 2847 686 2887; x_wconf 86' lang='grc'><em>17.</em></span> <span class='ocrx_word' id='word_1_286' title='bbox 721 2841 790 2900; x_wconf 81' lang='grc' dir='ltr'><em>αἱ]</em></span> <span class='ocrx_word' id='word_1_287' title='bbox 823 2857 866 2897; x_wconf 88' lang='lat' dir='ltr'><em>q,</em></span> <span class='ocrx_word' id='word_1_288' title='bbox 901 2856 988 2885; x_wconf 91' lang='lat' dir='ltr'><em>om.</em></span> <span class='ocrx_word' id='word_1_289' title='bbox 1015 2840 1069 2884; x_wconf 91' lang='lat' dir='ltr'><em>V.</em></span> <span class='ocrx_word' id='word_1_290' title='bbox 1180 2842 1268 2883; x_wconf 85' lang='grc' dir='ltr'><em>ΑΕ</em></span> <span class='ocrx_word' id='word_1_291' title='bbox 1329 2854 1358 2894; x_wconf 89' lang='lat' dir='ltr'><strong>q</strong></span> <span class='ocrx_word' id='word_1_292' title='bbox 1391 2840 1439 2882; x_wconf 75' lang='lat' dir='ltr'><em>et</em></span> <span class='ocrx_word' id='word_1_293' title='bbox 1470 2851 1583 2882; x_wconf 84' lang='lat' dir='ltr'>corr.</span> <span class='ocrx_word' id='word_1_294' title='bbox 1611 2851 1666 2882; x_wconf 85' lang='lat' dir='ltr'><em>ex</em></span> <span class='ocrx_word' id='word_1_295' title='bbox 1691 2840 1772 2880; x_wconf 86' lang='lat' dir='ltr'><em>AB</em></span> 
     </span>
     <span class='ocr_line' id='line_1_46' title="bbox 90 2898 1331 2958; baseline -0.006 -10"><span class='ocrx_word' id='word_1_296' title='bbox 90 2914 154 2948; x_wconf 80' lang='lat' dir='ltr'><em>m.</em></span> <span class='ocrx_word' id='word_1_297' title='bbox 181 2915 270 2948; x_wconf 82' lang='lat' dir='ltr'>ree.</span> <span class='ocrx_word' id='word_1_298' title='bbox 300 2902 357 2948; x_wconf 85' lang='lat' dir='ltr'><em>V.</em></span> <span class='ocrx_word' id='word_1_299' title='bbox 477 2908 547 2948; x_wconf 78' lang='lat'><em>26.</em></span> <span class='ocrx_word' id='word_1_300' title='bbox 582 2902 702 2958; x_wconf 81' lang='grc' dir='ltr'><em>ζήτει</em></span> <span class='ocrx_word' id='word_1_301' title='bbox 734 2902 784 2946; x_wconf 90' lang='grc' dir='ltr'><em>τὸ</em></span> <span class='ocrx_word' id='word_1_302' title='bbox 817 2902 1042 2957; x_wconf 81' lang='grc' dir='ltr'><em>θεώρημα</em></span> <span class='ocrx_word' id='word_1_303' title='bbox 1075 2898 1246 2943; x_wconf 76' lang='grc' dir='ltr'><em>ὄπιθεν</em></span> <span class='ocrx_word' id='word_1_304' title='bbox 1323 2933 1331 2941; x_wconf 94' lang='grc'><strong>.</strong></span> 
     </span>
    </p>
   </div>
  </div>
 </body>
</html>
