1904 3184
135 82 245 135 302
803 77 1191 122 cATOPrch.

246 205 383 256 ἔστω
432 202 577 271 ὄμμα
624 201 685 253 τὸ
724 202 798 268 Β,
842 206 1014 268 μῆκος
1061 195 1121 250 δὲ
1163 196 1401 264 πλάγιον
1446 197 1508 249 τὸ
1546 200 1682 265 ΛΕ,
1736 197 1821 249 ἔν-

136 310 342 363 οπτρον
389 287 449 343 δὲ
491 291 552 343 τὸ
593 294 646 342 A
657 291 715 342 Γ.
792 287 1000 341 οὐκσῦν
1039 286 1170 340 ἄνα·
1398 310 1438 361 Δ

133 385 485 435 κλασθεισῶν
532 386 646 431 τῶν
691 379 875 441 ὄψεων
914 378 1170 446 φαίνεται
1760 416 1810 466 A

135 471 197 524 τὸ
250 467 351 540 μὲν
406 474 461 522 Δ
515 466 603 521 ἐπὶ
656 467 718 520 τὸ
765 471 843 535 Α,
895 467 958 519 τὸ
1013 463 1074 518 δὲ
1119 469 1173 518 Ε

77 570 104 611 5
136 558 225 614 ἐπὶ
277 559 338 612 τὸ
396 560 464 627 Γ,
532 558 630 610 καί
686 555 837 610 ἐστιν
898 554 1042 608 οὕτω
1104 562 1169 624 τῇ
1370 513 1564 663 1⁴¹&
1564 494 1735 658 s

136 650 438 720 φαντασίᾳ,
491 645 744 716 καθάπερ
797 642 890 697 καὶ
935 651 1000 714 τῇ
1048 641 1173 711 ἀλη-

135 741 265 810 θείᾳ
311 739 444 806 ἔχει,
497 736 560 790 τὸ
611 737 798 803 ἔγγιον
844 735 1054 801 ἔγγιον,
1109 732 1171 784 τὸ
1757 726 1814 767 Γ

136 826 421 897 ἀπώτερον
461 824 759 894 ἀπώτερον.
1266 832 1319 881 Β

953 998 1010 1053 ι’.

50 1120 105 1161 10
257 1109 336 1162 Τὰ
373 1107 578 1176 πλάγια
616 1108 759 1176 μήκη
800 1104 906 1159 ἀπὸ
946 1112 1059 1157 τῶν
1089 1111 1310 1173 κυρτῶν
1349 1101 1650 1172 ἐνόπτρων,
1687 1105 1824 1154 καθ-

137 1198 274 1270 άπερ
316 1195 467 1252 ἐστὶν
507 1196 758 1265 ἀληθῶς,
796 1193 890 1248 καὶ
929 1196 1203 1264 φαίνεται.

248 1290 385 1341 ἔστω
425 1294 597 1357 μῆκος
636 1285 698 1339 τὸ
738 1288 878 1353 ΕΔ,
924 1285 1071 1354 ὄμμα
1118 1279 1180 1336 δὲ
1225 1282 1286 1335 τὸ
1328 1284 1400 1350 Β,
1448 1282 1719 1349 ἔνοπτρον
1764 1275 1825 1332 δὲ

135 1377 343 1449 κυρτὸν
380 1377 443 1430 τὸ
482 1379 536 1429 A
546 1377 617 1444 Γ,
670 1375 825 1439 ὄψεις
871 1370 931 1426 δὲ
976 1371 1357 1441 ἀνακλώμεναι
1405 1367 1492 1423 ἐπὶ
1537 1369 1604 1422 τὰ
1652 1372 1724 1438 Ε,
1757 1372 1825 1421 Δ.

136 1466 203 1520 τὰ
244 1462 304 1519 δὲ
343 1466 483 1519 ἄλλα
522 1464 588 1517 τὰ
628 1462 783 1517 αὐτά.

51 1625 105 1666 15
936 1609 1030 1664 ια’.

262 1718 340 1771 Τὰ
385 1717 500 1786 ὕψη
547 1715 638 1770 καὶ
677 1717 743 1769 τὰ
781 1715 932 1785 βάθη
980 1713 1085 1767 ἀπὸ
1125 1722 1238 1767 τῶν
1275 1714 1480 1766 κοίλων
1527 1710 1827 1782 ἐνόπτρων,
1878 1709 1897 1779 ὲ

142 1808 243 1862 ὅσα
305 1805 407 1877 μέν
460 1805 610 1859 ε’στιν
671 1804 826 1868 ἐντὸς
884 1811 983 1873 τῆς
1034 1802 1402 1873 συμπτώσεως
1462 1809 1574 1854 τῶν
1627 1802 1828 1867 ὄψεων,
1895 1790 1897 1798 ’

142 1894 556 1967 ἀνεστραμμένα
596 1897 850 1965 φαίνεται
890 1892 1140 1963 καθάπερ
1182 1891 1242 1946 έν
1271 1901 1388 1954 τοῖς
1420 1889 1698 1953 ἐπιπέδοις
1734 1886 1827 1942 καὶ

142 1995 367 2056 κυρτοῖς
397 1984 699 2055 ένόπτροις,
732 1984 833 2037 ὅσα
866 1981 932 2036 δέ
959 1982 1111 2036 ἐστιν
1142 1981 1295 2044 ἐκτὸς
1323 1988 1421 2050 τῆς
1444 1979 1827 2049 συμπτώσεως,

54 2086 111 2126 20
142 2074 394 2146 καθάπερ
435 2076 608 2143 ἔστιν,
647 2071 738 2127 καὶ
778 2075 1049 2142 φαίνεται.
1902 2119 1904 2138 2

257 2166 392 2218 ἔστω
431 2166 621 2216 κοῖλον
652 2164 920 2231 ἔνοπτρον
951 2162 1012 2214 τὸ
1046 2165 1098 2213 Α
1109 2162 1170 2228 Γ,
1210 2161 1355 2229 ὄμμα
1386 2155 1447 2211 δὲ
1479 2158 1540 2211 τὸ
1572 2160 1637 2226 Β,
1676 2157 1830 2221 ὄψεις
1901 2195 1904 2228 4

144 2251 205 2306 δὲ
243 2253 623 2322 ἀνακλώμεναι
664 2252 724 2303 αἱ
758 2253 878 2318 ΒΑ,
910 2252 1031 2318 ΒΓ,
1070 2249 1386 2319 σύμπτωσις
1424 2243 1485 2300 δὲ
1517 2246 1702 2299 αὐτῶν
1740 2242 1830 2298 ἐπὶ
1901 2233 1904 2310 ξ

144 2343 206 2396 τὸ
248 2346 310 2410 Ζ,
348 2341 462 2410 ὕψη
503 2338 564 2394 δὲ
601 2342 664 2394 τό
701 2359 758 2393 τε
797 2343 913 2392 ΔΕ
946 2337 1037 2392 καὶ
1076 2339 1138 2391 τὸ
1171 2340 1306 2405 ΚΝ,
1345 2334 1436 2390 καὶ
1474 2336 1536 2389 τὸ
1576 2332 1676 2405 μὲν
1707 2337 1833 2388 ΚΝ

145 2430 300 2493 ἐντὸς
345 2438 441 2500 τῆς
485 2438 584 2484 τοῦ
634 2433 679 2482 Ζ
726 2429 1116 2498 συμπτώσεως,
1170 2427 1232 2481 τὸ
1278 2423 1338 2479 δὲ
1378 2428 1494 2478 ΔΕ
1536 2423 1688 2487 ἐκτὸς
1732 2430 1829 2492 τῆς

58 2531 113 2571 25
148 2521 529 2589 συμπτώσεως.
585 2518 791 2573 οὐκοῦν
823 2518 1200 2587 ἐκβληθεισῶν
1229 2525 1342 2569 τῶν
1365 2517 1548 2579 ὄψεων
1577 2512 1827 2582 καθάπερ

146 2609 206 2663 ἐν
252 2618 367 2672 τοῖς
406 2607 685 2670 ἐπιπέδοις
728 2605 819 2660 καὶ
865 2616 1088 2678 κυρτοῖς
1134 2605 1420 2676 ένόπτροις
1466 2606 1720 2673 φαίνεται
1766 2601 1827 2654 τὸ
1868 2654 1904 2767 ’,Ι

435 2746 499 2750 -
1867 2701 1881 2781 z

263 2835 303 2875 2.
345 2827 397 2874 δὲ
428 2828 515 2902 τό]
549 2826 600 2872 δε
635 2825 859 2872 ἐπίπεδον
890 2826 941 2871 τό
981 2842 1039 2871 m.
1191 2826 1470 2880 ἀνακλασθη
1475 2831 1567 2868 σῶν
1604 2837 1647 2867 v.
1787 2825 1825 2864 7.
1867 2826 1880 2869 ³:ss

145 2889 196 2934 τό
215 2889 352 2948 (alb.)]
385 2888 436 2932 τὸ
463 2887 515 2932 δέ
546 2903 604 2933 m
699 2893 738 2931 9.
777 2887 911 2945 ιἰς]
922 2886 1050 2930 '.Vv
1144 2890 1213 2930 12.
1249 2884 1378 2942 ἔστω]
1414 2882 1523 2927 ἔστω
1546 2879 1743 2938 πλάγιον
1767 2894 1826 2924 m.
1869 2883 1878 2896 ⁴
