1904 3184
74 1028 131 1068 10

75 1472 131 1512 15

74 1916 131 1956 20

69 2361 128 2402 25

167 96 234 149 18
734 98 1018 140 EUCLIDIS
1051 98 1280 143 OPTICA.

164 215 265 287 μὲν
303 222 358 270 A
369 221 423 271 F
451 218 588 271 κατὰ
626 219 688 271 τὸ
727 221 794 271 Η
825 227 1068 287 σημεῖον,
1110 219 1143 288 ἡ
1184 216 1244 272 δὲ
1284 224 1393 272 ΑΔ
1431 221 1571 272 κατὰ
1609 221 1670 274 τὸ
1714 224 1785 289 Θ,
1824 220 1859 290 ἡ

165 303 226 359 δὲ
256 311 371 359 AE
405 308 542 359 κατὰ
581 308 642 360 τὸ
674 310 741 359 Κ.
805 305 921 359 ἐπεὶ
961 304 1064 361 οὗν
1101 309 1163 361 τὸ
1195 311 1261 360 Η
1293 315 1393 360 τοῦ
1430 312 1477 361 Θ
1515 309 1632 363 ἐστι
1663 329 1860 379 μετεω-

164 397 424 467 ρότερον,
494 397 556 449 τὸ
626 393 686 448 δὲ
753 399 800 448 Θ
891 437 967 488 Α

162 492 262 538 τοῦ
316 488 397 554 Κ,
466 483 587 538 ἀλλ’
640 484 699 537 ἐν
754 479 798 556 ᾦ

1109 542 1120 560 1

164 573 279 627 ε’στι
317 574 379 626 τὸ
410 576 486 642 H,
527 573 587 627 ἐν
619 574 795 645 τούτῳ
951 511 1108 735 N

162 663 320 731 τὸΓ,
361 661 421 716 ἐν
461 657 696 735 ᾦδὲτὸ
733 666 796 731 Θ,

163 751 225 804 ἐν
270 753 446 823 τούτῳ
494 752 556 804 τὸ
602 756 681 819 A,
737 750 796 804 ἐν

164 835 208 913 ᾦ
241 837 301 893 δὲ
332 841 393 893 τὸ
419 842 487 908 K,
528 839 587 893 ἐν
617 841 794 912 τούτῳ

162 894 943 997 τὸΕ,διὰᾶὲτῶν”
1081 894 1234 943 ΖΕ
1382 893 1438 942 Δ
1773 891 1835 940 Γ

162 1021 288 1087 AF,
312 1022 421 1071 AA
458 1016 492 1086 ἡ
525 1020 645 1071 ΔΓ
674 1020 947 1087 φαίνεται,
987 1019 1080 1072 διὰ
1121 1017 1180 1072 δὲ
1216 1029 1329 1073 τῶν
1361 1025 1485 1089 AA,
1511 1025 1624 1074 AE
1659 1020 1693 1089 ἡ
1724 1025 1855 1090 ΔΕ,

162 1108 195 1177 ἡ
229 1110 331 1161 ΓΔ
369 1108 475 1178 ἄρα
514 1114 610 1176 τῆς
640 1111 755 1160 ΔΕ
789 1107 1159 1179 μετεωροτέρα
1198 1111 1469 1179 φαίνεται.
1531 1109 1732 1179 ὁμοίως
1763 1109 1856 1164 καὶ

160 1197 194 1266 ἡ
234 1201 350 1250 ΔΕ
391 1203 487 1265 τῆς
532 1199 643 1249 ΒΕ
684 1196 1054 1268 μετεωροτέρα
1101 1199 1426 1267 φανήσεται·
1481 1199 1547 1252 τὰ
1593 1200 1698 1269 γὰρ
1744 1199 1853 1253 ὑπὸ

161 1283 577 1357 μετεωροτέρων
614 1285 854 1338 ἀκτίνων
892 1286 1143 1356 ὁρώμενα
1181 1289 1551 1358 μετεωρότεροι
1583 1291 1853 1357 φαίνεται.
1900 1281 1904 1283 ’

272 1373 365 1428 καὶ
418 1376 690 1446 φανερόν,
745 1375 828 1428 ὅτι
884 1376 949 1427 τὰ
1001 1374 1062 1428 ἐν
1114 1377 1366 1449 μετεώρῳ
1422 1379 1642 1446 κείμενα
1695 1381 1854 1430 κοῖλα

165 1465 484 1534 φανήσεται.
1026 1536 1039 1555 Ι

962 1557 1018 1590 ια
1044 1579 1056 1590 .

282 1645 406 1694 Τῶν
437 1642 552 1694 ἄνω
584 1648 684 1694 τοῦ
709 1642 949 1710 ὄμματος
979 1640 1246 1711 κειμένων
1278 1641 1551 1696 ἐπιπέδων
1574 1644 1640 1696 τὰ
1663 1645 1853 1715 πόρρω

162 1732 517 1799 ταπεινότερα
556 1732 826 1799 φαίνεται.

275 1822 411 1873 ἔστω
459 1820 605 1888 ὄμμα
652 1819 714 1871 τὸ
761 1823 815 1871 Α
867 1821 1255 1890 ταπεινότερον
1303 1823 1556 1890 κείμενον
1602 1828 1701 1874 τοῦ
1749 1823 1863 1874 ΒΓ

165 1907 451 1975 ἐπιπέδου,
505 1905 598 1960 καὶ
651 1906 1144 1979 προσπιπτέτωσαν
1198 1908 1411 1972 ἀκτῖνες
1457 1911 1518 1963 αἶ
1559 1913 1686 1979 BA,
1726 1914 1852 1979 AA,

162 2003 297 2067 AE,
330 1999 456 2065 AF,
495 1992 575 2050 ὧν
609 1995 643 2065 ἡ
676 2000 784 2049 ΑΒ
824 1997 989 2050 κάθε-
1116 2050 1172 2097 B
1302 2051 1353 2097 Δ
1512 2050 1576 2095 E
1773 2048 1832 2093 Γ

160 2108 254 2151 τος
278 2089 414 2140 ε”στω
441 2083 527 2139 ἐπὶ
551 2085 612 2139 τὸ
629 2085 991 2155 ὑποκείμενον

163 2177 438 2231 ἐπίπεδον.
500 2173 658 2242 λέγω,
691 2173 775 2227 ὅτι
798 2175 859 2228 τὸ
886 2177 994 2228 ΓΕ

160 2273 261 2319 τοῦ
292 2269 405 2318 ΕΔ
443 2265 831 2334 ταπεινότερον
862 2266 990 2332 φαί-

160 2374 327 2408 νεται.
360 2354 453 2406 διὰ
478 2354 546 2422 δὴ
572 2353 633 2406 τὸ
656 2350 990 2423 προεκτεθὲν

158 2445 423 2514 θεώρημα
453 2440 806 2511 ταπεινοτέρα
830 2440 862 2509 ἡ
891 2439 992 2510 μὲν
1093 2424 1172 2474 Α
1868 2502 1871 2506 ,

160 2535 279 2585 AF
324 2529 476 2594 ἀκτὶς
522 2538 616 2599 τῆς
662 2535 795 2598 AE,
850 2531 884 2600 ἡ
935 2527 995 2583 δὲ
1041 2537 1156 2585 ΑΕ
1205 2540 1300 2602 τῆς
1348 2537 1484 2601 ΑΔ,
1538 2532 1571 2600 ἡ
1626 2530 1686 2585 δὲ
1740 2536 1850 2585 ΑΔ

159 2629 255 2690 τῆς
287 2626 340 2673 A
350 2624 411 2673 B.
474 2619 612 2673 ἀλλὰ
644 2620 737 2673 διὰ
767 2616 868 2688 μὲν
899 2629 1011 2673 τῶν
1044 2624 1160 2689 FA,
1192 2626 1246 2674 A
1254 2626 1307 2675 E
1341 2623 1401 2675 τὸ
1436 2624 1542 2674 ΓΕ
1576 2620 1848 2696 βλέπεται,

161 2710 254 2762 διὰ
293 2707 354 2762 δὲ
399 2717 511 2762 τῶν
550 2713 686 2777 ΕΑ,
724 2713 840 2761 AA
886 2709 948 2763 τὸ
987 2714 1122 2779 EA,
1170 2699 1262 2763 διὰ
1310 2708 1370 2763 δὲ
1415 2719 1528 2763 τῶν
1564 2715 1697 2779 AA,
1737 2713 1846 2763 AB

280 2843 317 2883 5.
357 2846 492 2883 τοῦτο
532 2855 574 2883 v.
729 2843 796 2883 10.
836 2843 936 2896 AF,
968 2842 1067 2900 ΑΔ]
1109 2856 1220 2886 corr.
1256 2854 1312 2885 ex
1350 2845 1443 2884 AF
1476 2843 1539 2906 (Γ
1566 2840 1616 2884 in
1647 2843 1755 2897 ras.)
1787 2839 1845 2896 V,

162 2902 243 2943 ΓΔ
266 2899 356 2957 Bv,
390 2901 437 2942 eb
460 2899 582 2955 Vah,
616 2899 698 2942 sed
730 2912 843 2943 corr.
878 2914 936 2944 m.
971 2907 1019 2956 23
1061 2915 1200 2959 supra
1233 2914 1316 2946 scr.
1350 2897 1553 2946 ἀκτίνων
1584 2915 1643 2944 m.
1677 2905 1702 2943 2
1735 2899 1843 2943 Vat.
