1904 3184
153 92 260 145 152
507 94 862 137 OPTICORUM
890 95 1187 138 RECENSIO
1219 93 1501 138 THEONIS.

263 215 402 285 πρὸς
453 210 556 267 οὖν
603 214 664 267 τὸ
711 215 909 267 πιστὸν
955 209 1097 268 εἶναι
1142 216 1281 268 κατὰ
1323 217 1384 269 τὸ
1430 216 1614 285 παρὸν
1651 215 1713 268 τὸ
1755 214 1851 267 ἀκ-

152 312 309 366 τῖνας
356 298 498 356 εἶναι
544 304 642 365 τὰς
681 302 1003 373 ἐκχεομένας
1047 302 1139 357 καὶ
1177 305 1442 368 κινούσας
1488 306 1550 358 τὸ
1593 304 1855 374 ὁρατικὸν
1894 349 1895 355 ,

154 391 340 454 πάθος
382 391 701 462 ἀρκούντως
741 391 917 445 ἐδόκει
956 393 1242 463 εἰρῆσθαι,
1280 394 1419 463 πρὸς
1458 391 1520 447 δὲ
1557 394 1619 447 τὸ
1660 394 1757 455 τὰς
1794 391 1854 445 ἐν

159 488 235 553 τῷ
291 481 440 553 αὐτῷ
498 479 734 553 ἐπιπέδῳ
797 490 918 544 ταῖς
972 480 1133 545 ὄψεσι
1195 480 1448 552 κειμένας
1507 484 1856 552 περιφερείας

99 580 128 620 5
161 570 386 632 εὐθείας
431 572 736 638 φαίνεσθαι
784 573 932 638 ἔλεγε
986 572 1140 624 τάδε·
1195 573 1339 625 διότι
1395 572 1428 641 ἡ
1478 571 1538 625 ἐν
1583 580 1659 644 τῷ
1707 570 1854 642 αὐτῷ

160 658 398 731 ἐπιπέδῳ
439 660 659 729 κειμένη
697 658 824 724 ὄψις
857 657 1119 732 ᾡτινιοῦν
1150 666 1417 733 θεωρητςό
1450 662 1675 728 τοιαύτη
1706 658 1857 713 ἐστὶν

161 749 300 801 ὥστε
354 749 486 817 μήτε
540 746 856 819 ὑψηλοτέρα
916 744 1059 802 εἶναι
1120 756 1220 802 τοῦ
1275 749 1671 819 θεωρουμένου
1724 750 1857 818 μήτε

160 835 538 907 ταπεινοτέρα·
579 837 642 890 τὸ
675 837 779 906 γὰρ
813 835 874 889 ἐν
904 845 980 909 τῷ
1015 837 1163 910 αὐτῷ
1191 837 1426 911 ἐπιπέδῳ
1456 845 1675 892 κεῖσθαι
1701 836 1853 891 τοῦτ’

162 927 328 979 ἔστιν.
394 927 445 978 εἰ
482 921 586 979 οὖν
625 925 752 978 οὔτε
791 923 1149 996 ταπεινοτέρα
1189 926 1316 979 οὔτε
1354 925 1667 995 ὑψηλοτέρα
1708 924 1860 979 ἐστὶν

74 1014 197 1083 1οη
239 1014 367 1078 ὄψις
413 1022 509 1084 τῆς
556 1013 616 1067 ἐν
662 1021 738 1085 τῷ
788 1012 1025 1086 ἐπιπέδῳ
1073 1013 1450 1085 γεγραμμένης
1495 1018 1861 1086 περιφερείας,

165 1102 291 1173 οὐχὶ
336 1104 521 1157 τοῖσδε
568 1099 669 1173 μὲν
714 1112 831 1165 τοῖς
877 1101 1100 1173 μέρεσιν
1145 1103 1491 1175 ὑψηλοτέρας
1527 1103 1861 1174 προσβάλλει

166 1193 392 1255 ἀκτῖνας
429 1192 614 1245 τοῖσδε
654 1188 715 1244 δὲ
751 1190 1154 1263 ταπεινοτέρας,
1195 1192 1334 1247 ἀλλὰ
1364 1201 1499 1247 πᾶσι
1528 1203 1643 1255 τοῖς
1673 1191 1861 1264 μέρεσι

165 1289 263 1351 τῆς
300 1284 653 1351 περιφερείας
694 1285 816 1344 ἴσας
854 1281 952 1344 τὰς
990 1281 1084 1334 διὰ
1123 1289 1223 1335 τοῦ
1257 1281 1514 1336 ἐπιπέδου
1553 1280 1887 1353 φερομένας

169 1371 395 1434 ἀκτῖνας
432 1369 767 1440 προσβάλλει
814 1370 953 1423 ὥστε
992 1372 1094 1440 τὴν
1133 1371 1308 1440 αὐτὴν
1347 1373 1638 1440 γίγνεσθαι
1678 1372 1863 1424 αἰτίαν

82 1469 140 1511 15
171 1468 271 1514 τοῦ
318 1479 376 1513 τε
422 1460 484 1513 τὸ
525 1458 787 1512 ἐπίπεδον
825 1458 1050 1523 εὐθείας
1088 1463 1402 1530 φαντασίαν
1440 1459 1731 1513 ἀπολιπεῖν
1770 1457 1862 1513 καὶ

168 1551 272 1620 τὴν
312 1549 372 1603 ἐν
409 1556 486 1621 τῷ
520 1546 756 1620 ἐπιπέδῳ
790 1546 1171 1619 γεγραμμένην
1202 1548 1569 1620 περιφέρειαν.
1632 1547 1724 1602 καὶ
1758 1550 1862 1620 γὰρ

169 1641 232 1693 τὸ
274 1638 536 1692 ἐπίπεδον
574 1639 635 1691 τὸ
676 1635 759 1690 ἐπ’
795 1637 1018 1701 εὐθείας
1056 1641 1308 1708 κείμενον
1343 1645 1408 1708 τῇ
1441 1636 1565 1702 ὄψει
1598 1638 1732 1692 αὐτὸ
1765 1635 1866 1708 μὲν
1890 1660 1904 1690 r.

171 1727 497 1798 ἀθεώρητον
538 1723 651 1779 ἐστὶ
691 1726 784 1778 διὰ
820 1727 881 1779 τὸ
914 1728 986 1795 μὴ
1018 1730 1381 1797 προσπίπτειν
1413 1726 1560 1799 αὐτῷ
1593 1727 1867 1797 μηδεμίαν
1888 1725 1904 1759 *⁴

171 1825 285 1870 τῶν
324 1815 430 1869 ἀπὸ
470 1821 566 1883 τῆς
604 1812 783 1878 ὅψεως
824 1813 1160 1884 ἐκχεομένων
1199 1814 1454 1884 ἀκτίνων,
1494 1817 1555 1870 τὸ
1597 1813 1657 1869 δὲ
1695 1811 1903 1887 πέραςῖ

81 1915 142 1956 20
173 1906 347 1959 αὐτοῦ
385 1909 702 1974 θεωρεῖται,
750 1903 882 1973 ὅπερ
930 1902 1079 1957 ἐστὶν
1124 1903 1158 1973 ἡ
1204 1903 1536 1975 περιφέρεια.
1614 1904 1759 1974 λέγει
1802 1902 1895 1959 δὲ’

175 1993 318 2064 [διὰ]
358 1993 461 2061 τὴν
506 1991 645 2061 πρὸς
689 1999 756 2062 τῇ
796 1990 920 2056 ὄψει
965 1991 1220 2063 κειμένην
1259 1994 1540 2063 γραμμήν,
1587 1995 1706 2063 ἥτις
1752 2003 1870 2058 τοῖς
1884 2049 1899 2070 ,

174 2087 390 2143 λοιποῖς
419 2086 519 2133 τοῦ
553 2078 813 2134 ἐπιπέδου
845 2079 1069 2152 μέρεσιν
1101 2081 1518 2152 ἐπιπροσθοῦσα
1544 2072 1901 2155 ἀθεώρητονῗ

174 2180 326 2225 ποιεῖ
359 2170 422 2223 τὸ
463 2168 738 2223 ἐπίπεδον.
815 2169 849 2238 ἡ
890 2168 950 2223 δὲ
990 2171 1128 2243 αὐτὴ
1174 2172 1323 2223 αἰτία
1368 2170 1402 2239 ἡ
1441 2169 1567 2242 περὶ
1613 2179 1713 2225 τοῦ
1753 2172 1891 2226 ἐπι-“

176 2259 349 2314 πέδου
382 2265 482 2311 τοῦ
512 2256 595 2311 ἐπ’
625 2258 849 2322 εὐθείας
872 2258 1125 2330 κειμένου
1148 2267 1225 2332 τῷ
1251 2258 1452 2330 ὄμματι
1475 2270 1626 2314 ποιεῖ
1645 2261 1871 2325 εὐθειάς
1882 2277 1894 2314 1*-

88 2360 147 2400 25
181 2348 512 2402 ἀποδιδόναι
544 2351 856 2416 φαντασίαν
894 2347 986 2402 καὶ
1017 2357 1126 2403 τῶν
1155 2359 1521 2421 περιφερειῶν
1558 2359 1671 2404 τῶν
1703 2349 1763 2404 ἐν
1794 2357 1869 2423 τῷ

180 2438 329 2510 αὐτῷ
370 2434 606 2509 ἐπιπέδῳ
653 2435 919 2506 κειμένων
957 2446 1030 2510 τῷ
1075 2436 1289 2507 ὄμματι.
1362 2441 1666 2508 φαίνεσθαι
1706 2436 1767 2493 δὲ
1806 2431 1883 2493 τὸ·

179 2524 280 2597 μὲν
304 2529 504 2596 μεῖζον,
537 2525 670 2579 ὅταν
692 2530 941 2591 πλείονες
964 2525 1118 2590 ὄψεις
1142 2526 1527 2597 ἐπιβάλλωσιν,
1555 2529 1616 2582 τὸ
1641 2525 1703 2582 δὲ
1728 2533 1871 2598 ἴσον,

304 2662 342 2701 1.
375 2656 427 2701 τό
453 2658 536 2713 (pr
540 2657 575 2715 )]
607 2657 816 2714 τοῦτον,
850 2671 962 2702 corr
987 2672 1046 2701 m.
1072 2670 1161 2702 rec.
1257 2654 1399 2717 εἶναι]
1433 2658 1482 2702 in
1506 2673 1595 2703 ras.
1621 2673 1680 2703 m.
1706 2672 1793 2703 rec.
1812 2658 1868 2703 V.

244 2721 283 2762 4.
324 2717 444 2775 ταῖς]
478 2730 592 2760 corr.
619 2729 675 2760 ex
697 2715 781 2768 τοὶς
803 2732 862 2761 m.
886 2729 975 2760 rec.
994 2716 1048 2761 V.
1143 2723 1182 2761 5.
1219 2716 1370 2775 ἔλεγεν
1394 2718 1450 2774 V,
1483 2735 1511 2763 ν
1536 2731 1651 2762 eras.
1684 2733 1726 2762 v.
1811 2717 1871 2834 {77}

184 2791 273 2821 om.
305 2791 387 2832 pv.
510 2776 655 2835 αὐτῷ]
687 2775 761 2819 bis
793 2791 837 2833 p.
870 2777 918 2819 et
948 2791 990 2832 v,
1025 2776 1108 2820 sed.
1139 2790 1253 2822 corr.
1390 2780 1430 2822 8.
1463 2774 1780 2833 ταπεινωτέρα
1900 2798 1904 2836 Ι

184 2837 233 2879 et
263 2850 306 2892 v,
340 2835 422 2879 sed
455 2848 567 2880 corr.
674 2840 713 2879 9.
746 2812 1000 2893 ὑψιλοτέρά
1030 2850 1074 2890 v,
1107 2835 1190 2880 sed
1222 2849 1335 2881 corr.
1430 2834 1571 2895 ἐστίν]
1605 2834 1673 2881 -ίν
1705 2836 1755 2879 in
1778 2849 1870 2880 ras.

182 2910 244 2938 m
281 2901 302 2937 1
337 2895 391 2939 V.
533 2898 600 2939 14.
635 2891 851 2951 γίνεσθαι
881 2909 925 2950 p.
1065 2900 1132 2939 17.
1168 2894 1263 2953 ὅψη
1295 2911 1337 2940 v.
1472 2900 1542 2939 20.
1575 2894 1904 2954 περιφέρεια]
