1904 3184
191 103 303 158 202
543 104 896 148 ΟΡΤΙΟΟΒῙΪΜ
923 103 1224 147 {mommo
1256 102 1534 147 T-HEOMS.

299 223 462 279 Ἀλλὰ
494 225 569 294 δὴ
609 224 643 293 ἡ
682 226 793 277 ΑΖ
829 225 964 293 μήτε
993 228 1093 291 .ἴση
1133 225 1270 276 ἔστω
1310 231 1375 294 τῇ
1414 221 1474 276 ἐκ
1510 229 1611 276 τοῦ
1649 205 1904 295 κέντρου

177 316 326 384 ,μήτε
363 315 503 385 πρὸς
536 313 718 384 ὀρθὰς
754 321 830 385 τῷ
869 319 970 365 τοῦ
999 313 1206 365 κύκλου
1243 310 1499 384 ἐπιπέδῳ,
1539 317 1660 376 ἴσοις
1690 310 1751 366 δὲ
1782 333 1904 381 γα)-Δ

194 406 318 467 νίας
353 405 575 456 ποιείτω
605 402 705 465 τὰς
735 401 847 455 ὑπὸ
878 406 989 454 ΔΑ
1001 405 1061 472 Ζ,

179 494 363 545 ΖΑΓ
378 490 471 545 καὶ
493 495 678 560 ΕΑΖ,
698 493 871 544 ΖΑΒ.
903 489 1061 558 λέγω,

135 595 162 634 5
195 582 280 636 ὅτι
323 579 418 634 καὶ
462 581 640 643 οὕτως
682 580 745 633 αἱ
778 579 1062 650 διάμετροι

196 676 310 724 ἴσαι
357 671 716 740 φανήσονται.
795 667 909 722 ἐπεὶ
955 669 1062 739 γὰρ
1516 639 1718 795 ff

196 765 286 828 ἴση
342 757 492 812 ἐστὶν
553 758 587 827 ἡ
642 763 754 811 ΛΑ
806 767 872 829 τῇ
927 761 1061 826 ΑΓ,
1496 806 1503 813 ,
1640 796 1660 832 s

193 850 352 918 κοινὴ
392 845 455 901 δὲ
491 847 525 916 ἡ
566 853 620 901 A
631 851 693 917 Ζ,
730 845 824 900 καὶ
858 850 1064 915 γωνίας

197 943 318 1001 ἴσας
353 935 722 1009 περιέχουσιν,
760 936 922 1006 βάσις
955 938 1063 1008 ἄρα

107 1027 230 1096 1οἡ
281 1030 394 1080 ΔΖ
460 1026 618 1096 βάσει
677 1033 743 1096 τῇ
803 1028 915 1079 ΖΓ
972 1031 1061 1094 ἴση

196 1114 346 1169 ἐστὶν
377 1114 468 1169 καὶ
493 1118 669 1183 γωνία
699 1114 732 1183 ἡ
756 1114 865 1168 ὑπὸ
889 1119 1063 1169 ΔΖΑ

193 1213 260 1275 τῇ
312 1204 423 1258 ὑπὸ
470 1206 650 1258 ΑΖΓ.
740 1203 945 1272 ὁμοίως
991 1204 1062 1272 δὴ

193 1291 473 1364 δείξομεν,
544 1294 628 1347 ὅτι
696 1291 789 1346 καὶ
856 1292 889 1361 ἡ
952 1292 1061 1346 ὑπὸ

195 1386 364 1437 ΕΖΑ
415 1389 482 1453 τῇ
534 1382 643 1436 ὑπὸ
691 1386 858 1436 ΑΖΒ
913 1380 1064 1436 ἐστιν

51 1507 56 1511 -
106 1486 164 1526 15
198 1476 304 1541 ἴση.
381 1472 480 1541 ὅλη
526 1473 633 1542 ἄρα
678 1470 711 1540 ἡ
757 1471 867 1525 ὑπὸ
905 1475 1074 1525 ΔΖΒ
1121 1471 1219 1542 ὅλῃ
1266 1479 1331 1542 τῇ
1376 1470 1484 1524 ὑπὸ
1529 1473 1699 1524 ΕΖΓ
1736 1456 1904 1524 ἐστινέ

197 1566 302 1631 ἴση.
378 1562 517 1615 ὥστε
556 1562 618 1614 αἱ
652 1561 935 1631 διαμετροι
975 1565 1090 1614 ἴσαι
1128 1547 1486 1630 φανήσονται.

995 1722 1101 1780 λς’.

303 1825 430 1880 Ἐὰν
467 1825 530 1880 δὲ
567 1826 601 1895 ἡ
642 1826 748 1881 ἀπὸ
784 1835 884 1881 τοῦ
915 1826 1157 1897 ὄμματος
1194 1828 1333 1898 πρὸς
1362 1828 1424 1881 τὸ
1456 1825 1686 1898 κέντρον
1716 1812 1904 1903 προσαξ

193 1918 470 1969 πίπτουσα
500 1923 600 1969 τοῦ
626 1917 835 1969 κύκλου
859 1917 993 1985 μήτε
1022 1918 1161 1987 πρὸς
1187 1911 1422 1988 ὀρθὰς
1387 1937 1422 1989 η
1454 1924 1529 1989 τῷ
1555 1922 1654 1968 τοῦ
1678 1915 1904 1979 κύκλουί

107 2019 165 2059 20
198 2003 433 2058 ἐπιπέὸω
465 2006 598 2074 μήτε
630 2010 719 2074 ἴση
752 2027 786 2076 η
818 2013 884 2076 τῇ
909 2004 967 2058 ἐκ
990 2013 1091 2059 τοῦ
1115 2004 1349 2077 κέντρου
1378 2006 1511 2075 μήτε
1537 2009 1659 2067 ἴσας
1682 1979 1904 2102 γωνίαςὲ

194 2093 524 2165 περιέχουσα
554 2095 687 2164 μετα
717 2103 830 2147 τῶν
863 2094 922 2148 ἐκ
952 2102 1051 2148 τοῦ
1082 2094 1334 2166 κέντρου,
1366 2097 1563 2164 μείζων
1591 2090 1652 2146 δὲ
1675 2091 1709 2161 ἢ
1735 2066 1904 2146 ἐλασ-ῡε

196 2196 311 2236 σων
342 2190 438 2252 τῆς
469 2182 528 2236 ἐκ
559 2190 658 2236 τοῦ
681 2182 930 2254 κέντρου,
962 2185 1147 2238 ανισοι
1170 2204 1227 2237 αι
1216 2183 1533 2254 ι’διαμετροι
1557 2179 1898 2252 φανοῦνταιι

307 2274 444 2326 ἔστω
483 2273 588 2343 γὰρ
628 2273 845 2341 κύκλος,
885 2269 953 2326 οὗ
983 2272 1215 2343 κέντρον
1245 2273 1307 2326 τὸ
1339 2277 1410 2341 Α,
1448 2270 1540 2325 καὶ
1573 2270 1677 2324 ἀπὸ
1709 2278 1808 2324 τοῦ
1837 2262 1897 2344 B?

196 2359 437 2430 ὄμματος
475 2359 562 2414 ε’πὶ
593 2362 655 2414 τὸ
686 2360 917 2432 κέντρον
948 2369 1048 2414 τοῦ
1078 2363 1286 2415 κύκλου
1319 2361 1511 2414 εὐθεῖα
1541 2361 1698 2429 ἤχθω
1723 2359 1757 2427 ἡ
1782 2347 1890 2413 BA·

105 2463 163 2501 25
196 2448 289 2502 ’καὶ
335 2451 471 2502 ε”στω
518 2450 652 2519 μήτε
703 2452 842 2520 πρὸς
888 2451 1067 2522 ὀρθὰς
1109 2458 1187 2523 τῷ
1228 2449 1464 2522 ἐπιπέδῳ
1510 2451 1643 2518 μήτε
1691 2453 1780 2517 ἴση
1820 2443 1889 2519 τῇ

197 2538 256 2592 έκ
301 2546 401 2591 τοῦ
447 2536 679 2608 κέντρου
727 2545 826 2591 τοῦ
874 2540 1081 2592 κύκλου
1129 2540 1262 2608 μήτε
1311 2543 1431 2600 ἴσας
1477 2539 1682 2605 γωνίας
1733 2543 1887 2605 περιέἱ

196 2626 397 2696 έχουσα
434 2628 567 2696 μετὰ
606 2635 718 2679 τῶν
757 2627 816 2680 ἐκ
854 2635 953 2680 τοῦ
992 2627 1241 2698 κέντρου.
1317 2625 1482 2695 λέγω,
1531 2626 1614 2679 ὅτι
1661 2626 1722 2678 αἱ
1765 2622 1886 2678 διάέ

194 2735 383 2787 μετροι
421 2723 521 2769 τοῦ
558 2717 764 2769 κύκλου
805 2717 989 2770 ἄνισοι
1028 2717 1387 2786 φανήσονται.

317 2851 354 2891 7.
390 2845 485 2905 ἴση]
520 2845 607 2890 εἰσι
638 2861 679 2891 v.
836 2851 904 2892 11.
948 2844 1041 2890 ἐστί
1071 2861 1116 2903 p.
1262 2846 1424 2904 AZA]
1460 2848 1593 2889 EZA
1623 2859 1668 2901 p
1813 2846 1904 2887 14.

197 2907 349 2964 EZA]
388 2909 422 2949 Ζ
454 2919 479 2950 e
504 2920 616 2951 corr.
636 2906 691 2950 V.
783 2906 895 2965 ὑπό]
928 2906 1023 2950 ἀπό
1055 2921 1098 2950 v.
1223 2911 1291 2949 15.
1325 2906 1479 2963 ΔΖΒ]
1513 2907 1649 2948 ΔΒΖ
1678 2903 1734 2961 V,
1767 2913 1904 2947 corr.
