1904 3184
124 1026 178 1066 10

122 1471 177 1510 15

117 2003 174 2043 20

116 2447 172 2487 25

215 93 320 146 188
562 97 912 140 OPTICORUM
941 97 1238 140 REOENSIO
1269 98 1544 141 THEONIS.
1893 0 1904 137 1

211 217 477 285 ἤχθωσαν
516 213 577 268 δὲ
615 215 721 269 ἀπὸ
760 224 873 268 τῶν
911 219 976 285 Β,
1011 219 1064 269 Γ
1092 215 1351 285 ὀμμάτων
1387 215 1519 270 καθ’
1554 217 1615 270 ἓν
1653 217 1904 286 ε’φαπτό-.;

210 323 369 374 μεναι
408 306 469 357 αἱ
503 308 633 373 ΒΖ,
666 307 784 358 ΓΝ
820 303 914 358 καὶ
959 303 1414 374 συμπιπτέτωσαν
1451 305 1710 375 ἀλλήλαις
1754 307 1904 359 κατὰὲ

210 395 272 447 τὸ
291 398 358 446 Θ·
378 401 786 462 συμπεσοῦνται
798 394 922 465 γάρ,

211 482 500 553 ἐπειδήπερ
547 484 735 535 ἄνισοί
781 485 923 536 εἰσιν

210 572 245 640 ἥ
298 591 355 624 τε
412 574 519 624 ΓΒ
583 570 675 625 καὶ
739 571 773 641 ἡ
826 580 923 642 τῆς

211 663 454 731 σφαίρας
470 660 775 733 διάμετρος.
801 661 922 714 οὐκ·

211 757 314 803 οῦν
360 751 423 802 αἱ
457 748 563 803 ἀπὸ
601 757 701 803 τοῦ
744 754 791 803 Θ
834 765 922 819 ση-

246 840 404 907 μείου
440 841 884 909 προσπίπτουσαι

210 927 349 998 πρὸς
375 928 478 996 τὴν
501 937 746 998 σφαῖραν
770 930 921 981 ἔλατ-

210 1035 308 1068 τον
360 1014 726 1086 ἡμισφαιρίου
776 1034 922 1087 περι-

210 1105 500 1172 λήψονται·
527 1106 588 1158 τὸ
614 1106 720 1176 ἄρα
743 1109 928 1159 ΖΗΝ

246 1194 480 1246 ἔλασσον
517 1192 884 1264 ἡμισφαιρίου

210 1280 374 1335 ἐστίν.
428 1282 566 1335 ὥστε
591 1283 651 1335 τὸ
677 1282 784 1336 ὑπὸ
810 1292 922 1336 τῶν

209 1373 282 1439 Β,
326 1372 380 1423 Γ
415 1369 676 1440 ὀμμάτων
721 1371 921 1442 ὁρώμε-

208 1477 311 1512 νον
352 1460 586 1513 ἔλασσον
625 1459 695 1513 ἂν
734 1465 818 1529 εἴη
857 1460 1240 1535 ἡμισφαιρίου.

1000 1646 1067 1695 κη
1094 1668 1106 1679 .

317 1726 640 1798 Κυλίνὸρου
680 1727 937 1782 ὁπωσοῦν
975 1729 1258 1801 ὁρωμένου
1296 1731 1404 1786 ὑπὸ
1436 1740 1534 1786 τοῦ
1567 1731 1689 1797 ε”νὸς
1719 1718 1889 1804 ὄμμαὲ

206 1833 299 1877 τος
337 1816 562 1868 ἔλαττον
599 1814 1001 1888 ἡμικυλίνδρου
1041 1819 1363 1889 ὀφθήσεται.
1893 1827 1899 1886 ,’

317 1905 454 1956 ἔστω
500 1904 606 1975 γὰρ
652 1907 956 1978 κυλίνδρου
1008 1915 1108 1961 τοῦ
1153 1906 1278 1980 περὶ
1324 1910 1425 1979 τὴν
1470 1910 1636 1979 βάσιν
1680 1913 1888 1967 κύκλου

204 1989 436 2062 κέντρον
472 1993 534 2045 τὸ
562 1995 631 2061 Κ,
669 1991 762 2046 καὶ
793 1993 899 2048 ἀπὸ
930 2003 1030 2049 τοῦ
1062 2000 1126 2050 Ν
1157 1998 1396 2067 ὄμματος
1425 1999 1582 2068 ἤχθω
1615 1997 1704 2052 ἐπὶ
1742 2001 1803 2053 τὸ
1834 1993 1894 2055 K·

204 2078 237 2148 ἡ
269 2083 406 2150 ΝΚ,
442 2079 534 2133 καὶ
573 2082 667 2134 διὰ
705 2090 804 2136 τοῦ
843 2086 902 2136 Κ
932 2085 1071 2156 πρὸς
1109 2086 1286 2157 ὀρθὰς
1323 2087 1460 2157 αὐτῇ
1498 2089 1655 2157 ἤχθω
1694 2087 1728 2156 ἡ
1767 2092 1814 2141 Β
1827 2089 1889 2159 I}

203 2167 330 2239 περὶ
369 2167 430 2222 δὲ
467 2171 569 2239 τὴν
598 2173 724 2224 ΚΝ
754 2172 955 2236 κύκλος
991 2174 1313 2245 γεγράφθω,
1350 2174 1442 2228 καὶ
1474 2175 1889 2246 ἐπεζεύχθωσαν

204 2258 266 2310 αἱ
299 2261 439 2327 ΝΖ,
480 2262 611 2328 ΖΚ,
649 2264 786 2330 ΝΔ,
825 2264 956 2315 ΔΚ.
1033 2263 1239 2317 οὐκοῦν
1283 2262 1454 2335 ὀρθαὶ
1499 2266 1561 2318 αἱ
1597 2267 1735 2337 πρὸς
1771 2275 1888 2330 τοῖς

206 2349 269 2415 Ζ,
291 2351 367 2399 Δ·
406 2346 538 2401 καθ’
573 2348 633 2401 ἓν
671 2350 778 2420 ἄρα
817 2350 1153 2420 ἐφάπτονται
1191 2353 1253 2406 αἰ
1282 2357 1410 2422 ΖΝ,
1440 2357 1569 2424 ΝΔ,
1606 2353 1700 2408 καὶ
1738 2356 1799 2408 αἴ
1826 2372 1888 2426 γᾷ

205 2434 311 2488 ἀπὸ
353 2443 453 2489 τοῦ
483 2440 550 2490 Ν
581 2439 819 2507 ὄμματος
857 2443 1156 2511 φερόμεναι
1195 2441 1410 2505 ἀκτῖνες
1445 2443 1583 2495 κατὰ
1620 2444 1717 2507 τὰς
1754 2448 1819 2498 N
1823 2446 1891 2514 Z‚·

203 2527 318 2577 NA
347 2533 667 2579 πεσοῦνται·
708 2528 846 2581 ὥστε
876 2530 938 2582 τὸ
965 2533 1135 2583 ΖΛΔ
1164 2533 1339 2600 μόνον
1369 2529 1693 2600 ὀφθήσεται.
1747 2530 1889 2598 ἀλλὰι

203 2614 264 2666 τὸ
307 2617 463 2667 ΖΛΔ
508 2617 732 2669 ἔλαττόν
778 2616 891 2670 ἐστι
936 2626 1035 2671 τοῦ
1076 2621 1232 2672 ΓΛΒ
1277 2619 1626 2689 ἡμικυκλίου·
1678 2622 1740 2674 τὸ
1779 2613 1885 2692 ἄρα

206 2705 361 2777 ΖΑΔ
385 2705 619 2757 ἔλασσον
642 2704 967 2775 ἡμικυκλίου
993 2706 1317 2778 ὀφθήσεται,
1339 2707 1622 2762 τουτέστιν
1646 2709 1675 2763 ὁ
1699 2710 1885 2763 κύλιν-

322 2839 362 2878 4.
398 2834 647 2891 ἐπειδήπερ
674 2861 727 2868 -
754 2841 793 2881 6.
828 2835 1090 2897 διάμετρος]
1122 2841 1235 2884 mut.
1267 2854 1327 2883 m.
1356 2852 1446 2884 ree.
1479 2839 1529 2883 in
1561 2839 1721 2897 ἐπειδὴ
1755 2838 1882 2884 ἐλάσ-

204 2907 296 2938 σων
329 2893 451 2939 ἐστὶν
482 2894 511 2951 ἡ
538 2898 631 2939 ΒΓ
654 2901 735 2952 τῆς
760 2894 1009 2953 διαμέτρου
1039 2905 1120 2955 τῆς
1145 2895 1347 2955 σφαίρας
1377 2899 1430 2943 V.
1530 2904 1598 2944 19.
1631 2901 1733 2958 τοῦ]
1767 2911 1868 2944 corr
