1904 3184
48 1036 105 1076 10

52 1481 106 1522 15

52 1926 111 1967 20

54 2372 111 2413 25

131 74 240 127 164
480 76 833 118 OPTICORUM
862 75 1056 118 RECEN
1065 77 1160 119 SIO
1192 75 1470 119 THEONIS.

946 246 980 294 η
1007 267 1018 278 .

255 314 333 366 Τὰ
388 318 479 366 ἴσα
525 312 731 382 μεγέθη
781 315 978 367 ἄνισον
1023 315 1343 383 διεστηκότα
1398 314 1500 367 οὐκ
1546 314 1831 382 ἀναλόγως
1900 383 1904 388 ⁴

134 412 251 465 τοῖς
289 402 670 471 ἀποστήμασιν
710 402 919 473 ὁρᾶται.
1900 421 1904 474 Ἰ

247 494 383 546 ἔστω
424 492 530 562 γὰρ
570 492 632 545 τὸ
672 494 787 545 ΒΓ
826 500 902 565 τῷ
943 497 998 545 A
1010 496 1054 545 Z
1108 497 1231 545 ἴσον
1286 490 1376 545 καὶ
1422 495 1629 546 κείσθω
1682 492 1830 565 αὐτῷ
1899 558 1904 563 Ι

135 580 507 651 παράλληλον,
547 582 693 651 ὄμμα
732 579 793 635 δὲ
832 584 968 635 ἔστω
1008 582 1070 635 τὸ
1104 585 1173 650 Κ,
1212 580 1303 634 καὶ
1336 579 1429 634 ἀπ’
1459 581 1632 635 αὐτοῦ
1663 596 1832 649 προσ-
1897 566 1904 614 ἶ

134 668 484 723 πιπτέτωσαν
522 671 677 734 ὄψεις
716 671 778 723 αἱ
813 672 996 738 ΚΖΓ,
1029 673 1155 738 ΚΒ,
1192 673 1328 738 ΚΔ,
1369 666 1448 723 ὧν
1480 671 1512 739 ἡ
1545 673 1664 724 ΚΓ
1693 671 1832 740 πρὸς
1874 620 1904 739 4

135 758 314 829 ὀρθὰς
352 766 417 829 τῇ
453 761 552 812 ΓΒ
594 761 746 812 ἔστω.
828 757 970 829 φημὶ
1010 759 1096 827 δή,
1137 759 1220 812 ὅτι
1261 759 1363 812 οὐκ
1403 758 1687 828 ἀναλόγως
1727 780 1831 829 φα-
1896 742 1904 816 Ξ

134 850 359 917 νήσεται
390 848 458 901 τά
490 850 613 917 ΒΓ,
637 851 750 901 ΔΖ
782 846 990 918 μεγέθη
1022 857 1138 911 τοῖς
1163 850 1286 917 ΓΚ,
1312 851 1421 901 ΚΖ
1455 849 1833 918 διαστήμασιν.
1894 817 1904 923 1

248 935 364 990 ἐπεὶ
403 938 508 1008 γὰρ
549 936 697 1007 ὀρθή
737 936 890 990 ἐστιν
927 936 961 1005 ἡ
994 937 1102 991 ὑπὸ
1137 942 1192 990 Δ
1204 940 1326 1006 ΖΚ,
1366 936 1513 1001 ὀξεῖα
1545 939 1652 1009 ἄρα
1685 936 1835 991 ἐστὶν
1894 930 1904 1028 ¹

136 1026 170 1095 ἡ
216 1025 325 1080 ὑπὸ
368 1029 556 1080 ΖΘΚ·
612 1027 751 1080 ὥστε
796 1025 889 1079 καὶ
936 1026 969 1095 ἡ
1014 1029 1128 1079 ΘΚ
1167 1034 1264 1096 τῆς
1302 1030 1411 1080 ΚΖ
1459 1027 1574 1081 ἐστι
1624 1030 1835 1097 μείζων.
1894 1035 1904 1083 1

137 1115 166 1170 ὁ
207 1117 315 1186 ἄρα
356 1114 565 1189 κέντρῳ
613 1123 688 1189 τῷ
732 1119 807 1185 Κ,
866 1117 1192 1186 διαστήματι
1239 1112 1298 1169 δὲ
1348 1124 1423 1189 τῷ
1474 1119 1587 1170 ΘΚ
1635 1117 1836 1179 κύκλος
1895 1132 1904 1163 ε

138 1207 493 1276 γραφόμενος
522 1205 908 1275 ὑπερπεσεῖται
940 1206 1042 1274 τὴν
1067 1208 1123 1258 Κ
1131 1209 1190 1259 Ζ.
1254 1205 1558 1276 γεγράφθω
1583 1203 1674 1259 καὶ
1699 1208 1835 1259 ἔστω
1892 1171 1904 1259 Ξ

138 1294 168 1348 ὁ
212 1298 403 1347 ΕΘΗ.
480 1292 572 1347 καὶ
612 1292 727 1348 ἐπεὶ
773 1295 835 1348 τὸ
879 1297 1049 1347 ΘΔΚ
1089 1296 1365 1365 τρίγωνον
1410 1297 1630 1365 μείζονα
1670 1297 1838 1363 λόγον
1892 1311 1904 1371 j.

139 1386 247 1453 ἔχει
294 1385 435 1454 πρὸς
480 1385 580 1438 τὸν
627 1387 797 1438 ΘΕΚ
841 1382 1006 1453 τομέα
1052 1384 1189 1453 ἥπερ
1236 1385 1297 1438 τὸ
1348 1387 1520 1438 ΖΘΚ
1563 1387 1839 1454 τρίγωνον
1897 1382 1904 1437 f

140 1473 279 1544 πρὸς
309 1474 409 1527 τὸν
432 1476 617 1527 ΗΘΚ
644 1472 827 1543 τομέα,
868 1471 1098 1537 ἐναλλὰξ
1131 1474 1238 1544 ἄρα
1270 1474 1331 1526 τὸ
1361 1477 1464 1527 ΘΔ
1474 1476 1531 1526 Κ
1564 1476 1838 1544 τρίγωνον
1894 1471 1897 1476 ’

137 1562 278 1633 πρὸς
323 1563 386 1617 τὸ
437 1565 610 1616 ΖΘΚ
654 1564 932 1633 τρίγωνον
985 1564 1205 1631 μείζονα
1253 1564 1422 1631 λόγον
1467 1565 1575 1632 ἔχει
1622 1563 1759 1632 ἥπερ
1809 1562 1838 1616 ὁ

138 1654 312 1704 ΕΘΚ
355 1654 553 1722 τομεὺς
598 1652 736 1723 πρὸς
781 1652 880 1705 τὸν
927 1654 1111 1704 ΗΘΚ
1152 1650 1333 1721 τομέα.
1415 1651 1684 1706 συνθέντι
1731 1653 1838 1722 ἄρα

138 1742 200 1794 τὸ
243 1744 421 1793 ΖΔΚ
462 1743 738 1811 τρίγωνον
783 1742 921 1811 πρὸς
966 1741 1028 1794 τὸ
1081 1743 1254 1794 ΖΘΚ
1294 1743 1572 1811 τρίγωνον
1619 1743 1839 1811 μείζονα

142 1831 312 1898 λόγον
343 1831 452 1899 ἔχει
483 1831 620 1900 ἥπερ
653 1830 682 1884 ὁ
708 1834 830 1883 ΕΗ
834 1834 891 1883 Κ
924 1832 1122 1900 τομεὺς
1152 1831 1291 1901 πρὸς
1322 1831 1422 1884 τὸν
1446 1833 1633 1884 ΗΘΚ
1660 1828 1839 1899 τομέα.

146 1916 266 1971 ἀλλ’
307 1918 381 1981 ὡς
419 1919 481 1971 τὸ
524 1923 699 1972 ΖΔΚ
741 1922 1017 1990 τρίγωνον
1054 1920 1194 1990 πρὸς
1231 1920 1292 1973 τὸ
1336 1922 1507 1973 ΖΘΚ
1548 1921 1840 1990 τρίγωνον,

143 2007 321 2070 οὕτως
359 2006 393 2076 ἡ
434 2011 544 2060 ΔΖ
590 2009 729 2079 πρὸς
771 2012 900 2077 ΖΘ,
949 2009 1023 2072 ὡς
1070 2005 1131 2062 δὲ
1170 2007 1199 2063 ὁ
1240 2011 1422 2062 ΗΕΚ
1462 2010 1659 2078 τομεὺς
1704 2008 1842 2077 πρὸς

142 2098 242 2150 τὸν
273 2099 460 2150 ΗΘΚ
492 2096 675 2167 τομέα,
717 2098 894 2161 οὕτως
932 2098 965 2167 ἡ
1006 2097 1115 2151 ὑπὸ
1148 2101 1270 2150 ΔΚ
1277 2101 1322 2150 Ζ
1362 2100 1537 2166 γωνία
1575 2098 1714 2168 πρὸς
1740 2097 1853 2165 τὴν.

142 2186 252 2239 ὑπὸ
289 2189 469 2240 ΘΚΖ.
533 2186 593 2239 ἐν
631 2189 838 2256 μείζονι
879 2189 1024 2259 λόγῳ
1065 2188 1172 2257 ἄρα
1212 2184 1326 2240 ἐστὶ
1365 2184 1457 2240 καὶ
1489 2187 1521 2256 ἡ
1555 2191 1609 2239 Δ
1622 2190 1666 2238 Ζ
1705 2186 1842 2255 πρὸς

142 2276 244 2344 τὴν
286 2279 393 2328 ΖΘ
431 2276 568 2345 ἥπερ
608 2276 642 2345 ἡ
682 2280 752 2344 Σ,
779 2280 828 2328 Ρ
859 2279 1034 2344 γωνία
1071 2276 1210 2347 πρὸς
1247 2277 1350 2345 τὴν
1390 2279 1439 2328 Ρ
1470 2277 1696 2344 γωνίαν.
1767 2274 1842 2337 ὡς

147 2362 208 2418 δὲ
248 2365 281 2433 ἡ
320 2369 431 2418 ΔΖ
470 2365 609 2435 πρὸς
647 2366 749 2433 τὴν
791 2369 913 2433 ΖΘ,
957 2365 1133 2428 οὕτως
1172 2364 1205 2434 ἡ
1248 2366 1360 2417 ΓΚ
1391 2365 1531 2434 πρὸς
1567 2365 1669 2432 τὴν
1708 2366 1843 2415 ΚΖ·

145 2452 238 2507 καὶ
276 2453 310 2522 ἡ
351 2457 467 2507 ΚΓ
508 2455 615 2525 ἄρα
661 2455 800 2525 πρὸς
838 2456 940 2523 τὴν
981 2457 1090 2507 ΚΖ
1137 2452 1198 2507 ἐν
1243 2455 1449 2523 μείζονι
1497 2454 1641 2525 λόγῳ
1691 2449 1842 2505 ἐστὶν
1901 2507 1904 2509 ,

146 2543 282 2614 ἤπερ
322 2542 356 2611 ἡ
390 2547 467 2612 Σ,
500 2547 550 2595 Ρ
588 2544 764 2610 γωνία
802 2543 942 2613 πρὸς
979 2544 1082 2612 τὴν
1121 2546 1171 2595 Ρ
1210 2544 1434 2611 γωνίαν.
1511 2539 1602 2594 καὶ
1643 2539 1702 2594 ἐκ
1740 2538 1841 2610 μὲν
1900 2595 1904 2607 ,

147 2639 243 2701 τῆς
283 2635 351 2701 Σ,
384 2635 435 2684 Ρ
466 2634 672 2700 γωνίας
709 2632 771 2684 τὸ
813 2635 923 2684 ΔΖ
963 2631 1179 2702 ὁρᾶται,
1220 2630 1278 2684 ἐκ
1318 2627 1379 2683 δὲ
1418 2638 1515 2699 τῆς
1555 2633 1605 2682 Ρ
1636 2632 1842 2698 γωνίας
1899 2630 1904 2687 ³}

266 2767 306 2807 2.
354 2762 540 2821 ἄνισον]
580 2763 662 2808 καὶ
701 2762 867 2808 ἄνισον
907 2778 956 2818 v;
1007 2777 1148 2819 Supra
1190 2762 1297 2806 add.
1339 2761 1421 2806 καὶ
1459 2759 1732 2818 παράλληλα
1780 2775 1838 2805 m.

146 2834 235 2866 ree.
269 2822 324 2879 V,
366 2821 638 2879 παράλληλα
668 2837 729 2866 m.
764 2827 789 2866 2
822 2837 864 2867 v.
1003 2821 1152 2878 Supra
1185 2822 1270 2866 οὐκ
1303 2821 1408 2865 add.
1443 2820 1537 2864 ἀπὸ
1569 2827 1661 2865 τῶν
1693 2817 1840 2876 ὀμμά-

150 2897 242 2925 των
273 2896 332 2925 m.
359 2886 385 2925 2
418 2897 460 2925 v.
566 2887 605 2927 3.
639 2881 982 2939 ἀποστήμασιν]
1017 2895 1129 2925 con:
1162 2880 1214 2925 in
1244 2880 1552 2947 ᾷιαστήμασιν
1582 2894 1642 2923 m.
1667 2893 1755 2924 rec.
1783 2879 1844 2923 V.
