<?xml version="1.0" encoding="UTF-8"?>
<!DOCTYPE html PUBLIC "-//W3C//DTD XHTML 1.0 Transitional//EN"
    "http://www.w3.org/TR/xhtml1/DTD/xhtml1-transitional.dtd">
<html xmlns="http://www.w3.org/1999/xhtml" xml:lang="en" lang="en">
 <head>
  <title>
</title>
<meta http-equiv="Content-Type" content="text/html;charset=utf-8" />
  <meta name='ocr-system' content='tesseract 3.04.00' />
  <meta name='ocr-capabilities' content='ocr_page ocr_carea ocr_par ocr_line ocrx_word'/>
</head>
<body>
  <div class='ocr_page' id='page_1' title='image "./euclidisoperaomn07eucluoft_0028.png"; bbox 0 0 1904 3184; ppageno 0'>
   <div class='ocr_carea' id='block_1_1' title="bbox 166 137 1242 183">
    <p class='ocr_par' dir='ltr' id='par_1_1' title="bbox 166 137 1242 183">
     <span class='ocr_line' id='line_1_1' title="bbox 166 137 1242 183; baseline -0.002 0"><span class='ocrx_word' id='word_1_1' title='bbox 166 138 298 183; x_wconf 86' lang='lat' dir='ltr'>XXII</span> <span class='ocrx_word' id='word_1_2' title='bbox 778 137 1242 182; x_wconf 77' lang='lat' dir='ltr'><strong>PROLEGOMENA.</strong></span> 
     </span>
    </p>
   </div>
   <div class='ocr_carea' id='block_1_2' title="bbox 167 253 1858 1915">
    <p class='ocr_par' dir='ltr' id='par_1_2' title="bbox 167 253 1856 1114">
     <span class='ocr_line' id='line_1_2' title="bbox 168 253 1851 315; baseline 0.001 -14"><span class='ocrx_word' id='word_1_3' title='bbox 168 256 362 302; x_wconf 88' lang='lat' dir='ltr'>librario</span> <span class='ocrx_word' id='word_1_4' title='bbox 386 255 534 301; x_wconf 88' lang='lat' dir='ltr'>tribui</span> <span class='ocrx_word' id='word_1_5' title='bbox 554 255 738 312; x_wconf 90' lang='lat' dir='ltr'>possint</span> <span class='ocrx_word' id='word_1_6' title='bbox 761 257 821 311; x_wconf 90' lang='lat' dir='ltr'>(p.</span> <span class='ocrx_word' id='word_1_7' title='bbox 843 257 942 311; x_wconf 88' lang='lat'>148,</span> <span class='ocrx_word' id='word_1_8' title='bbox 960 259 1008 310; x_wconf 89' lang='grc'>3,</span> <span class='ocrx_word' id='word_1_9' title='bbox 1035 260 1134 312; x_wconf 93' lang='grc'>150,</span> <span class='ocrx_word' id='word_1_10' title='bbox 1153 261 1193 312; x_wconf 98' lang='grc'>9,</span> <span class='ocrx_word' id='word_1_11' title='bbox 1207 253 1282 312; x_wconf 91' lang='grc'>14,</span> <span class='ocrx_word' id='word_1_12' title='bbox 1303 261 1380 311; x_wconf 90' lang='grc'>19,</span> <span class='ocrx_word' id='word_1_13' title='bbox 1407 261 1505 312; x_wconf 83' lang='grc'>152,</span> <span class='ocrx_word' id='word_1_14' title='bbox 1524 261 1565 312; x_wconf 91' lang='grc'>4,</span> <span class='ocrx_word' id='word_1_15' title='bbox 1579 261 1657 313; x_wconf 87' lang='grc'>27,</span> <span class='ocrx_word' id='word_1_16' title='bbox 1685 262 1784 315; x_wconf 90' lang='grc'>162,</span> <span class='ocrx_word' id='word_1_17' title='bbox 1803 265 1851 314; x_wconf 79' lang='grc'>2,</span> 
     </span>
     <span class='ocr_line' id='line_1_3' title="bbox 174 326 1853 382; baseline 0 -13"><span class='ocrx_word' id='word_1_18' title='bbox 174 328 274 381; x_wconf 97' lang='grc'>164,</span> <span class='ocrx_word' id='word_1_19' title='bbox 300 329 340 380; x_wconf 89' lang='grc'>6,</span> <span class='ocrx_word' id='word_1_20' title='bbox 367 327 526 380; x_wconf 83' lang='lat'>11‚15‚</span> <span class='ocrx_word' id='word_1_21' title='bbox 553 327 622 380; x_wconf 87' lang='lat'>21,</span> <span class='ocrx_word' id='word_1_22' title='bbox 648 327 726 378; x_wconf 77' lang='grc'>22,</span> <span class='ocrx_word' id='word_1_23' title='bbox 762 326 956 378; x_wconf 86' lang='grc'>166,10;</span> <span class='ocrx_word' id='word_1_24' title='bbox 991 326 1214 379; x_wconf 79' lang='grc'>170,8,9;</span> <span class='ocrx_word' id='word_1_25' title='bbox 1249 327 1445 380; x_wconf 78' lang='grc'>178,14;</span> <span class='ocrx_word' id='word_1_26' title='bbox 1480 328 1853 382; x_wconf 77' lang='grc'>182,13,17,22;</span> 
     </span>
     <span class='ocr_line' id='line_1_4' title="bbox 173 392 1854 448; baseline 0.001 -13"><span class='ocrx_word' id='word_1_27' title='bbox 173 395 274 447; x_wconf 88' lang='grc'>184,</span> <span class='ocrx_word' id='word_1_28' title='bbox 300 395 377 446; x_wconf 76' lang='grc'>20,</span> <span class='ocrx_word' id='word_1_29' title='bbox 411 393 514 445; x_wconf 82' lang='grc'>100,</span> <span class='ocrx_word' id='word_1_30' title='bbox 537 394 584 444; x_wconf 78' lang='grc'>6,</span> <span class='ocrx_word' id='word_1_31' title='bbox 619 393 718 444; x_wconf 81' lang='grc'>192,</span> <span class='ocrx_word' id='word_1_32' title='bbox 744 393 822 443; x_wconf 83' lang='grc'>24,</span> <span class='ocrx_word' id='word_1_33' title='bbox 864 392 964 444; x_wconf 90' lang='grc'>200,</span> <span class='ocrx_word' id='word_1_34' title='bbox 989 393 1031 445; x_wconf 98' lang='grc'>3,</span> <span class='ocrx_word' id='word_1_35' title='bbox 1057 394 1104 444; x_wconf 80' lang='grc'>5,</span> <span class='ocrx_word' id='word_1_36' title='bbox 1139 394 1238 447; x_wconf 92' lang='lat'>202,</span> <span class='ocrx_word' id='word_1_37' title='bbox 1265 394 1343 446; x_wconf 87' lang='lat'>15;</span> <span class='ocrx_word' id='word_1_38' title='bbox 1375 395 1475 447; x_wconf 91' lang='lat'>206,</span> <span class='ocrx_word' id='word_1_39' title='bbox 1500 397 1549 446; x_wconf 82' lang='lat'>9;</span> <span class='ocrx_word' id='word_1_40' title='bbox 1581 395 1682 447; x_wconf 93' lang='lat'>208,</span> <span class='ocrx_word' id='word_1_41' title='bbox 1708 396 1748 448; x_wconf 80' lang='lat'>7,</span> <span class='ocrx_word' id='word_1_42' title='bbox 1777 398 1854 448; x_wconf 67' lang='lat'>103</span> 
     </span>
     <span class='ocr_line' id='line_1_5' title="bbox 171 459 1853 515; baseline 0.001 -13"><span class='ocrx_word' id='word_1_43' title='bbox 171 462 272 515; x_wconf 94' lang='lat'>210,</span> <span class='ocrx_word' id='word_1_44' title='bbox 298 463 339 514; x_wconf 90' lang='lat'>3,</span> <span class='ocrx_word' id='word_1_45' title='bbox 366 461 435 513; x_wconf 91' lang='lat'>18,</span> <span class='ocrx_word' id='word_1_46' title='bbox 461 460 539 512; x_wconf 84' lang='grc'>23,</span> <span class='ocrx_word' id='word_1_47' title='bbox 581 460 683 511; x_wconf 90' lang='lat'>212,</span> <span class='ocrx_word' id='word_1_48' title='bbox 707 459 784 512; x_wconf 80' lang='lat'>253</span> <span class='ocrx_word' id='word_1_49' title='bbox 826 459 1030 511; x_wconf 84' lang='lat'>214,15;</span> <span class='ocrx_word' id='word_1_50' title='bbox 1071 460 1170 513; x_wconf 90' lang='lat'>218,</span> <span class='ocrx_word' id='word_1_51' title='bbox 1197 463 1243 511; x_wconf 78' lang='grc'>6,</span> <span class='ocrx_word' id='word_1_52' title='bbox 1285 461 1488 513; x_wconf 81' lang='lat'>220,12;</span> <span class='ocrx_word' id='word_1_53' title='bbox 1530 461 1638 514; x_wconf 89' lang='lat'>224,</span> <span class='ocrx_word' id='word_1_54' title='bbox 1671 462 1699 502; x_wconf 86' lang='lat'>3</span> <span class='ocrx_word' id='word_1_55' title='bbox 1733 461 1853 514; x_wconf 73' lang='grc' dir='ltr'>ΘΝ,</span> 
     </span>
     <span class='ocr_line' id='line_1_6' title="bbox 170 525 1854 581; baseline -0.001 -12"><span class='ocrx_word' id='word_1_56' title='bbox 170 529 272 581; x_wconf 90' lang='grc'>226,</span> <span class='ocrx_word' id='word_1_57' title='bbox 306 529 383 579; x_wconf 81' lang='grc'>21,</span> <span class='ocrx_word' id='word_1_58' title='bbox 433 527 531 579; x_wconf 89' lang='grc'>228,</span> <span class='ocrx_word' id='word_1_59' title='bbox 566 526 642 577; x_wconf 86' lang='grc'>11,</span> <span class='ocrx_word' id='word_1_60' title='bbox 690 526 791 578; x_wconf 88' lang='grc'>230,</span> <span class='ocrx_word' id='word_1_61' title='bbox 826 525 903 577; x_wconf 81' lang='grc'>15,</span> <span class='ocrx_word' id='word_1_62' title='bbox 950 526 1051 578; x_wconf 89' lang='grc'>236,</span> <span class='ocrx_word' id='word_1_63' title='bbox 1084 527 1132 578; x_wconf 78' lang='grc'>8,</span> <span class='ocrx_word' id='word_1_64' title='bbox 1181 527 1289 579; x_wconf 89' lang='grc'>238,</span> <span class='ocrx_word' id='word_1_65' title='bbox 1323 528 1400 578; x_wconf 84' lang='grc'>23,</span> <span class='ocrx_word' id='word_1_66' title='bbox 1450 529 1549 580; x_wconf 84' lang='grc'>240,</span> <span class='ocrx_word' id='word_1_67' title='bbox 1582 530 1623 581; x_wconf 89' lang='grc'>2,</span> <span class='ocrx_word' id='word_1_68' title='bbox 1657 530 1705 581; x_wconf 84' lang='grc'>6,</span> <span class='ocrx_word' id='word_1_69' title='bbox 1754 529 1854 581; x_wconf 90' lang='lat'>242,</span> 
     </span>
     <span class='ocr_line' id='line_1_7' title="bbox 173 587 1854 653; baseline -0.001 -17"><span class='ocrx_word' id='word_1_70' title='bbox 173 595 345 648; x_wconf 85' lang='lat'>12,18;</span> <span class='ocrx_word' id='word_1_71' title='bbox 385 595 485 646; x_wconf 88' lang='lat'>244,</span> <span class='ocrx_word' id='word_1_72' title='bbox 518 595 559 646; x_wconf 90' lang='lat'>3,</span> <span class='ocrx_word' id='word_1_73' title='bbox 585 593 662 645; x_wconf 73' lang='grc'>23,</span> <span class='ocrx_word' id='word_1_74' title='bbox 704 593 804 645; x_wconf 88' lang='lat'>246,</span> <span class='ocrx_word' id='word_1_75' title='bbox 836 593 885 644; x_wconf 83' lang='grc'>4,</span> <span class='ocrx_word' id='word_1_76' title='bbox 931 587 982 631; x_wconf 84' lang='lat' dir='ltr'>in</span> <span class='ocrx_word' id='word_1_77' title='bbox 1021 588 1301 653; x_wconf 61' lang='lat' dir='ltr'>Catoptricis</span> <span class='ocrx_word' id='word_1_78' title='bbox 1340 606 1384 647; x_wconf 89' lang='lat' dir='ltr'>p.</span> <span class='ocrx_word' id='word_1_79' title='bbox 1419 595 1519 647; x_wconf 91' lang='lat'>286,</span> <span class='ocrx_word' id='word_1_80' title='bbox 1554 596 1602 645; x_wconf 79' lang='grc'>6,</span> <span class='ocrx_word' id='word_1_81' title='bbox 1642 596 1742 647; x_wconf 82' lang='grc'>294,</span> <span class='ocrx_word' id='word_1_82' title='bbox 1778 596 1854 645; x_wconf 80' lang='grc'>11,</span> 
     </span>
     <span class='ocr_line' id='line_1_8' title="bbox 171 653 1856 715; baseline -0.001 -13"><span class='ocrx_word' id='word_1_83' title='bbox 171 661 271 715; x_wconf 89' lang='grc'>308,</span> <span class='ocrx_word' id='word_1_84' title='bbox 298 663 346 714; x_wconf 85' lang='grc'>4,</span> <span class='ocrx_word' id='word_1_85' title='bbox 381 661 481 713; x_wconf 88' lang='grc'>314,</span> <span class='ocrx_word' id='word_1_86' title='bbox 508 661 576 712; x_wconf 93' lang='grc'>17,</span> <span class='ocrx_word' id='word_1_87' title='bbox 603 660 679 711; x_wconf 89' lang='grc'>22,</span> <span class='ocrx_word' id='word_1_88' title='bbox 720 655 869 711; x_wconf 93' lang='grc'>10008,</span> <span class='ocrx_word' id='word_1_89' title='bbox 909 653 992 699; x_wconf 91' lang='lat' dir='ltr'>ubi</span> <span class='ocrx_word' id='word_1_90' title='bbox 1022 655 1065 699; x_wconf 93' lang='lat' dir='ltr'><strong>V</strong></span> <span class='ocrx_word' id='word_1_91' title='bbox 1094 671 1153 700; x_wconf 93' lang='lat' dir='ltr'>m.</span> <span class='ocrx_word' id='word_1_92' title='bbox 1190 662 1212 700; x_wconf 93' lang='lat'>1</span> <span class='ocrx_word' id='word_1_93' title='bbox 1246 656 1323 700; x_wconf 90' lang='lat' dir='ltr'>uel</span> <span class='ocrx_word' id='word_1_94' title='bbox 1356 663 1380 700; x_wconf 84' lang='lat'>2</span> <span class='ocrx_word' id='word_1_95' title='bbox 1414 659 1646 702; x_wconf 87' lang='lat' dir='ltr'>correctus</span> <span class='ocrx_word' id='word_1_96' title='bbox 1678 660 1770 715; x_wconf 82' lang='lat' dir='ltr'>est,</span> <span class='ocrx_word' id='word_1_97' title='bbox 1803 661 1856 701; x_wconf 88' lang='lat' dir='ltr'>ut</span> 
     </span>
     <span class='ocr_line' id='line_1_9' title="bbox 167 721 1855 782; baseline 0 -14"><span class='ocrx_word' id='word_1_98' title='bbox 167 738 255 782; x_wconf 92' lang='lat' dir='ltr'>par</span> <span class='ocrx_word' id='word_1_99' title='bbox 296 727 420 781; x_wconf 86' lang='lat' dir='ltr'>erat,</span> <span class='ocrx_word' id='word_1_100' title='bbox 461 722 635 780; x_wconf 86' lang='grc'>0111181),</span> <span class='ocrx_word' id='word_1_101' title='bbox 681 721 843 779; x_wconf 91' lang='lat' dir='ltr'>paullo</span> <span class='ocrx_word' id='word_1_102' title='bbox 881 721 1084 779; x_wconf 87' lang='lat' dir='ltr'>maiora,</span> <span class='ocrx_word' id='word_1_103' title='bbox 1123 737 1210 767; x_wconf 90' lang='lat' dir='ltr'>nec</span> <span class='ocrx_word' id='word_1_104' title='bbox 1247 726 1407 768; x_wconf 90' lang='lat' dir='ltr'>tamen</span> <span class='ocrx_word' id='word_1_105' title='bbox 1445 724 1534 781; x_wconf 90' lang='lat' dir='ltr'>ita,</span> <span class='ocrx_word' id='word_1_106' title='bbox 1574 726 1628 768; x_wconf 89' lang='lat' dir='ltr'>ut</span> <span class='ocrx_word' id='word_1_107' title='bbox 1667 726 1855 782; x_wconf 86' lang='lat' dir='ltr'>captum</span> 
     </span>
     <span class='ocr_line' id='line_1_10' title="bbox 169 789 1853 848; baseline 0.001 -14"><span class='ocrx_word' id='word_1_108' title='bbox 169 789 354 834; x_wconf 87' lang='lat' dir='ltr'>librarii</span> <span class='ocrx_word' id='word_1_109' title='bbox 386 789 634 845; x_wconf 74' lang='lat' dir='ltr'>excedant,</span> <span class='ocrx_word' id='word_1_110' title='bbox 673 803 718 845; x_wconf 89' lang='lat' dir='ltr'>p.</span> <span class='ocrx_word' id='word_1_111' title='bbox 754 791 853 845; x_wconf 87' lang='grc'>148,</span> <span class='ocrx_word' id='word_1_112' title='bbox 887 793 956 846; x_wconf 88' lang='grc'>15,</span> <span class='ocrx_word' id='word_1_113' title='bbox 990 794 1068 844; x_wconf 89' lang='grc'>21,</span> <span class='ocrx_word' id='word_1_114' title='bbox 1112 795 1209 846; x_wconf 92' lang='grc'>152,</span> <span class='ocrx_word' id='word_1_115' title='bbox 1244 795 1290 846; x_wconf 91' lang='grc'>1,</span> <span class='ocrx_word' id='word_1_116' title='bbox 1344 795 1439 848; x_wconf 90' lang='grc'>198,</span> <span class='ocrx_word' id='word_1_117' title='bbox 1472 796 1550 846; x_wconf 89' lang='grc'>23,</span> <span class='ocrx_word' id='word_1_118' title='bbox 1598 795 1698 848; x_wconf 90' lang='grc'>200,</span> <span class='ocrx_word' id='word_1_119' title='bbox 1731 796 1772 847; x_wconf 89' lang='grc'>3,</span> <span class='ocrx_word' id='word_1_120' title='bbox 1806 797 1853 845; x_wconf 86' lang='grc'>5,</span> 
     </span>
     <span class='ocr_line' id='line_1_11' title="bbox 170 854 1854 914; baseline 0 -13"><span class='ocrx_word' id='word_1_121' title='bbox 170 861 369 913; x_wconf 86' lang='lat'>232,13;</span> <span class='ocrx_word' id='word_1_122' title='bbox 403 859 504 912; x_wconf 87' lang='lat'>298,</span> <span class='ocrx_word' id='word_1_123' title='bbox 523 862 561 900; x_wconf 93' lang='lat'>5.</span> <span class='ocrx_word' id='word_1_124' title='bbox 623 869 710 899; x_wconf 89' lang='lat' dir='ltr'>nec</span> <span class='ocrx_word' id='word_1_125' title='bbox 741 854 881 899; x_wconf 88' lang='lat' dir='ltr'>aliter</span> <span class='ocrx_word' id='word_1_126' title='bbox 911 856 1276 913; x_wconf 87' lang='lat' dir='ltr'>exspectandum</span> <span class='ocrx_word' id='word_1_127' title='bbox 1307 860 1422 914; x_wconf 85' lang='lat' dir='ltr'>erat,</span> <span class='ocrx_word' id='word_1_128' title='bbox 1455 857 1679 913; x_wconf 83' lang='lat' dir='ltr'>quoniam</span> <span class='ocrx_word' id='word_1_129' title='bbox 1711 857 1854 902; x_wconf 86' lang='lat' dir='ltr'>etiam</span> 
     </span>
     <span class='ocr_line' id='line_1_12' title="bbox 170 921 1852 981; baseline 0.001 -15"><span class='ocrx_word' id='word_1_130' title='bbox 170 922 222 966; x_wconf 89' lang='lat' dir='ltr'>in</span> <span class='ocrx_word' id='word_1_131' title='bbox 266 922 463 967; x_wconf 87' lang='lat' dir='ltr'>Eutocio</span> <span class='ocrx_word' id='word_1_132' title='bbox 510 921 676 966; x_wconf 90' lang='lat' dir='ltr'>eadem</span> <span class='ocrx_word' id='word_1_133' title='bbox 721 923 793 966; x_wconf 88' lang='lat' dir='ltr'>est</span> <span class='ocrx_word' id='word_1_134' title='bbox 837 921 961 967; x_wconf 90' lang='lat' dir='ltr'>ratio</span> <span class='ocrx_word' id='word_1_135' title='bbox 1009 922 1223 967; x_wconf 90' lang='lat' dir='ltr'>codicum</span> <span class='ocrx_word' id='word_1_136' title='bbox 1260 923 1341 968; x_wconf 84' lang='lat' dir='ltr'>Vv</span> <span class='ocrx_word' id='word_1_137' title='bbox 1388 926 1435 981; x_wconf 86' lang='lat' dir='ltr'>(v</span> <span class='ocrx_word' id='word_1_138' title='bbox 1472 923 1540 967; x_wconf 89' lang='lat' dir='ltr'>ibi</span> <span class='ocrx_word' id='word_1_139' title='bbox 1580 926 1652 968; x_wconf 88' lang='lat' dir='ltr'>est</span> <span class='ocrx_word' id='word_1_140' title='bbox 1681 926 1762 980; x_wconf 87' lang='lat' dir='ltr'>w),</span> <span class='ocrx_word' id='word_1_141' title='bbox 1809 939 1852 968; x_wconf 94' lang='grc'>0.</span> 
     </span>
     <span class='ocr_line' id='line_1_13' title="bbox 171 987 1853 1047; baseline 0 -13"><span class='ocrx_word' id='word_1_142' title='bbox 171 989 388 1047; x_wconf 90' lang='lat' dir='ltr'>Apollon.</span> <span class='ocrx_word' id='word_1_143' title='bbox 414 989 458 1033; x_wconf 88' lang='lat' dir='ltr'><strong>H</strong></span> <span class='ocrx_word' id='word_1_144' title='bbox 486 1004 531 1046; x_wconf 88' lang='lat' dir='ltr'>p.</span> <span class='ocrx_word' id='word_1_145' title='bbox 549 989 604 1033; x_wconf 91' lang='lat' dir='ltr'>V.</span> <span class='ocrx_word' id='word_1_146' title='bbox 652 987 1038 1046; x_wconf 74' lang='lat' dir='ltr'>interpolationes</span> <span class='ocrx_word' id='word_1_147' title='bbox 1068 1005 1112 1046; x_wconf 89' lang='lat' dir='ltr'>p.</span> <span class='ocrx_word' id='word_1_148' title='bbox 1134 994 1232 1046; x_wconf 87' lang='lat'>162,</span> <span class='ocrx_word' id='word_1_149' title='bbox 1253 995 1327 1045; x_wconf 90' lang='grc'>14,</span> <span class='ocrx_word' id='word_1_150' title='bbox 1364 995 1461 1047; x_wconf 84' lang='lat'>166,</span> <span class='ocrx_word' id='word_1_151' title='bbox 1489 995 1623 1046; x_wconf 89' lang='lat'>7,16;</span> <span class='ocrx_word' id='word_1_152' title='bbox 1659 995 1853 1046; x_wconf 85' lang='lat'>168,10;</span> 
     </span>
     <span class='ocr_line' id='line_1_14' title="bbox 172 1055 1853 1114; baseline -0.001 -12"><span class='ocrx_word' id='word_1_153' title='bbox 172 1062 271 1114; x_wconf 91' lang='grc'>180,</span> <span class='ocrx_word' id='word_1_154' title='bbox 288 1061 345 1101; x_wconf 86' lang='grc'>23</span> <span class='ocrx_word' id='word_1_155' title='bbox 370 1055 583 1100; x_wconf 90' lang='lat' dir='ltr'>codicum</span> <span class='ocrx_word' id='word_1_156' title='bbox 600 1071 668 1112; x_wconf 85' lang='lat' dir='ltr'><strong>vp</strong></span> <span class='ocrx_word' id='word_1_157' title='bbox 693 1069 958 1100; x_wconf 88' lang='lat' dir='ltr'>communes</span> <span class='ocrx_word' id='word_1_158' title='bbox 983 1070 1007 1100; x_wconf 94' lang='grc'>0</span> <span class='ocrx_word' id='word_1_159' title='bbox 1031 1057 1299 1101; x_wconf 84' lang='lat' dir='ltr'>recensione</span> <span class='ocrx_word' id='word_1_160' title='bbox 1323 1057 1520 1113; x_wconf 86' lang='lat' dir='ltr'>antiqua</span> <span class='ocrx_word' id='word_1_161' title='bbox 1536 1056 1714 1114; x_wconf 88' lang='lat' dir='ltr'>petitae</span> <span class='ocrx_word' id='word_1_162' title='bbox 1732 1059 1853 1101; x_wconf 87' lang='lat' dir='ltr'>sunt.</span> 
     </span>
    </p>

    <p class='ocr_par' dir='ltr' id='par_1_3' title="bbox 168 1122 1858 1915">
     <span class='ocr_line' id='line_1_15' title="bbox 296 1122 1854 1181; baseline 0 -14"><span class='ocrx_word' id='word_1_163' title='bbox 296 1136 322 1167; x_wconf 90' lang='grc'>0</span> <span class='ocrx_word' id='word_1_164' title='bbox 351 1123 395 1167; x_wconf 94' lang='lat' dir='ltr'><strong>V</strong></span> <span class='ocrx_word' id='word_1_165' title='bbox 431 1123 675 1180; x_wconf 86' lang='lat' dir='ltr'>praeterea</span> <span class='ocrx_word' id='word_1_166' title='bbox 711 1123 914 1179; x_wconf 89' lang='lat' dir='ltr'>pendere</span> <span class='ocrx_word' id='word_1_167' title='bbox 944 1122 1133 1167; x_wconf 88' lang='lat' dir='ltr'>uidetur</span> <span class='ocrx_word' id='word_1_168' title='bbox 1171 1124 1271 1168; x_wconf 88' lang='lat' dir='ltr'>cod.</span> <span class='ocrx_word' id='word_1_169' title='bbox 1305 1129 1382 1180; x_wconf 87' lang='grc'>26,</span> <span class='ocrx_word' id='word_1_170' title='bbox 1430 1139 1541 1168; x_wconf 86' lang='lat' dir='ltr'>nam</span> <span class='ocrx_word' id='word_1_171' title='bbox 1578 1140 1621 1181; x_wconf 90' lang='lat' dir='ltr'>p.</span> <span class='ocrx_word' id='word_1_172' title='bbox 1658 1128 1764 1179; x_wconf 88' lang='grc'>194,</span> <span class='ocrx_word' id='word_1_173' title='bbox 1801 1129 1854 1167; x_wconf 86' lang='grc'>19</span> 
     </span>
     <span class='ocr_line' id='line_1_16' title="bbox 170 1188 1854 1248; baseline 0.001 -14"><span class='ocrx_word' id='word_1_174' title='bbox 170 1189 498 1247; x_wconf 82' lang='lat' dir='ltr'>compendium</span> <span class='ocrx_word' id='word_1_175' title='bbox 527 1205 587 1243; x_wconf 47' lang='grc' dir='ltr'>ἐ</span> <span class='ocrx_word' id='word_1_176' title='bbox 616 1189 781 1246; x_wconf 88' lang='lat' dir='ltr'>habet,</span> <span class='ocrx_word' id='word_1_177' title='bbox 822 1205 866 1246; x_wconf 94' lang='lat' dir='ltr'>p.</span> <span class='ocrx_word' id='word_1_178' title='bbox 894 1194 992 1247; x_wconf 88' lang='lat'>174,</span> <span class='ocrx_word' id='word_1_179' title='bbox 1028 1195 1082 1235; x_wconf 91' lang='lat'>15</span> <span class='ocrx_word' id='word_1_180' title='bbox 1118 1192 1230 1247; x_wconf 88' lang='grc' dir='ltr'>ΘΝ,</span> <span class='ocrx_word' id='word_1_181' title='bbox 1274 1206 1317 1248; x_wconf 92' lang='lat' dir='ltr'>p.</span> <span class='ocrx_word' id='word_1_182' title='bbox 1353 1196 1451 1247; x_wconf 88' lang='grc'>148,</span> <span class='ocrx_word' id='word_1_183' title='bbox 1485 1196 1511 1235; x_wconf 90' lang='grc'>3</span> <span class='ocrx_word' id='word_1_184' title='bbox 1544 1188 1854 1247; x_wconf 81' lang='grc' dir='ltr'>ἐξεριμμένον,</span> 
     </span>
     <span class='ocr_line' id='line_1_17' title="bbox 169 1255 1854 1315; baseline -0.002 -12"><span class='ocrx_word' id='word_1_185' title='bbox 169 1273 214 1315; x_wconf 89' lang='lat' dir='ltr'>p.</span> <span class='ocrx_word' id='word_1_186' title='bbox 249 1263 357 1314; x_wconf 88' lang='lat'>172,</span> <span class='ocrx_word' id='word_1_187' title='bbox 392 1263 416 1302; x_wconf 94' lang='lat'>7</span> <span class='ocrx_word' id='word_1_188' title='bbox 455 1259 581 1301; x_wconf 86' lang='lat' dir='ltr'>recte</span> <span class='ocrx_word' id='word_1_189' title='bbox 621 1255 731 1300; x_wconf 79' lang='grc' dir='ltr'><strong>ὥστε</strong></span> <span class='ocrx_word' id='word_1_190' title='bbox 762 1259 856 1301; x_wconf 81' lang='grc' dir='ltr'>καί.</span> <span class='ocrx_word' id='word_1_191' title='bbox 921 1257 1226 1314; x_wconf 83' lang='lat' dir='ltr'>archetypum</span> <span class='ocrx_word' id='word_1_192' title='bbox 1265 1271 1558 1302; x_wconf 88' lang='lat' dir='ltr'>communem</span> <span class='ocrx_word' id='word_1_193' title='bbox 1588 1271 1854 1301; x_wconf 87' lang='lat' dir='ltr'>communes</span> 
     </span>
     <span class='ocr_line' id='line_1_18' title="bbox 168 1322 1854 1381; baseline 0.001 -14"><span class='ocrx_word' id='word_1_194' title='bbox 168 1323 376 1381; x_wconf 89' lang='lat' dir='ltr'>produnt</span> <span class='ocrx_word' id='word_1_195' title='bbox 399 1338 504 1368; x_wconf 88' lang='lat' dir='ltr'>cum</span> <span class='ocrx_word' id='word_1_196' title='bbox 526 1338 595 1380; x_wconf 85' lang='lat' dir='ltr'><strong>vp</strong></span> <span class='ocrx_word' id='word_1_197' title='bbox 618 1322 1004 1379; x_wconf 85' lang='lat' dir='ltr'>interpolationes</span> <span class='ocrx_word' id='word_1_198' title='bbox 1029 1325 1078 1367; x_wconf 91' lang='lat' dir='ltr'>et</span> <span class='ocrx_word' id='word_1_199' title='bbox 1100 1323 1396 1368; x_wconf 89' lang='lat' dir='ltr'>coniecturae</span> <span class='ocrx_word' id='word_1_200' title='bbox 1419 1324 1570 1369; x_wconf 89' lang='lat' dir='ltr'>falsae</span> <span class='ocrx_word' id='word_1_201' title='bbox 1593 1340 1636 1381; x_wconf 91' lang='lat' dir='ltr'>p.</span> <span class='ocrx_word' id='word_1_202' title='bbox 1658 1328 1756 1381; x_wconf 89' lang='grc'>146,</span> <span class='ocrx_word' id='word_1_203' title='bbox 1778 1329 1854 1379; x_wconf 89' lang='grc'>16,</span> 
     </span>
     <span class='ocr_line' id='line_1_19' title="bbox 172 1390 1854 1447; baseline -0.001 -12"><span class='ocrx_word' id='word_1_204' title='bbox 172 1396 271 1447; x_wconf 91' lang='grc'>148,</span> <span class='ocrx_word' id='word_1_205' title='bbox 298 1397 339 1447; x_wconf 87' lang='grc'>9,</span> <span class='ocrx_word' id='word_1_206' title='bbox 365 1395 442 1447; x_wconf 88' lang='grc'>17,</span> <span class='ocrx_word' id='word_1_207' title='bbox 484 1395 582 1446; x_wconf 88' lang='lat'>188,</span> <span class='ocrx_word' id='word_1_208' title='bbox 609 1395 685 1445; x_wconf 88' lang='lat'>28,</span> <span class='ocrx_word' id='word_1_209' title='bbox 731 1390 846 1434; x_wconf 90' lang='lat' dir='ltr'>item</span> <span class='ocrx_word' id='word_1_210' title='bbox 875 1405 919 1446; x_wconf 92' lang='lat' dir='ltr'>p.</span> <span class='ocrx_word' id='word_1_211' title='bbox 947 1394 1044 1446; x_wconf 91' lang='lat'>166,</span> <span class='ocrx_word' id='word_1_212' title='bbox 1070 1394 1127 1434; x_wconf 93' lang='lat'>20</span> <span class='ocrx_word' id='word_1_213' title='bbox 1145 1405 1210 1445; x_wconf 90' lang='lat' dir='ltr'>sq.</span> <span class='ocrx_word' id='word_1_214' title='bbox 1245 1392 1293 1435; x_wconf 90' lang='lat' dir='ltr'>et</span> <span class='ocrx_word' id='word_1_215' title='bbox 1321 1406 1365 1447; x_wconf 89' lang='lat' dir='ltr'>p.</span> <span class='ocrx_word' id='word_1_216' title='bbox 1394 1395 1499 1447; x_wconf 88' lang='lat'>168,</span> <span class='ocrx_word' id='word_1_217' title='bbox 1527 1395 1582 1434; x_wconf 90' lang='lat'>14</span> <span class='ocrx_word' id='word_1_218' title='bbox 1600 1405 1690 1447; x_wconf 85' lang='lat' dir='ltr'>sq.,</span> <span class='ocrx_word' id='word_1_219' title='bbox 1733 1403 1854 1446; x_wconf 89' lang='lat' dir='ltr'>quae</span> 
     </span>
     <span class='ocr_line' id='line_1_20' title="bbox 170 1455 1855 1514; baseline -0.001 -12"><span class='ocrx_word' id='word_1_220' title='bbox 170 1470 195 1501; x_wconf 90' lang='grc'>0</span> <span class='ocrx_word' id='word_1_221' title='bbox 225 1456 494 1502; x_wconf 88' lang='lat' dir='ltr'>recensione</span> <span class='ocrx_word' id='word_1_222' title='bbox 528 1455 723 1512; x_wconf 88' lang='lat' dir='ltr'>antiqua</span> <span class='ocrx_word' id='word_1_223' title='bbox 746 1456 898 1513; x_wconf 88' lang='lat' dir='ltr'>petita</span> <span class='ocrx_word' id='word_1_224' title='bbox 923 1459 1044 1513; x_wconf 87' lang='lat' dir='ltr'>sunt,</span> <span class='ocrx_word' id='word_1_225' title='bbox 1079 1455 1200 1500; x_wconf 85' lang='lat' dir='ltr'>sicut</span> <span class='ocrx_word' id='word_1_226' title='bbox 1224 1456 1366 1500; x_wconf 84' lang='lat' dir='ltr'>etiam</span> <span class='ocrx_word' id='word_1_227' title='bbox 1394 1473 1437 1514; x_wconf 90' lang='lat' dir='ltr'>p.</span> <span class='ocrx_word' id='word_1_228' title='bbox 1459 1461 1558 1514; x_wconf 89' lang='grc'>162,</span> <span class='ocrx_word' id='word_1_229' title='bbox 1579 1462 1646 1501; x_wconf 90' lang='lat'>14.</span> <span class='ocrx_word' id='word_1_230' title='bbox 1697 1471 1803 1500; x_wconf 90' lang='lat' dir='ltr'>cum</span> <span class='ocrx_word' id='word_1_231' title='bbox 1826 1471 1855 1500; x_wconf 84' lang='lat' dir='ltr'>v</span> 
     </span>
     <span class='ocr_line' id='line_1_21' title="bbox 169 1523 1855 1581; baseline -0.001 -13"><span class='ocrx_word' id='word_1_232' title='bbox 169 1523 408 1581; x_wconf 86' lang='lat' dir='ltr'>conspirat</span> <span class='ocrx_word' id='word_1_233' title='bbox 437 1539 482 1580; x_wconf 92' lang='lat' dir='ltr'><strong>p.</strong></span> <span class='ocrx_word' id='word_1_234' title='bbox 518 1527 616 1580; x_wconf 88' lang='lat'>182,</span> <span class='ocrx_word' id='word_1_235' title='bbox 652 1527 708 1566; x_wconf 89' lang='lat'>14</span> <span class='ocrx_word' id='word_1_236' title='bbox 740 1523 999 1580; x_wconf 80' lang='grc' dir='ltr'>ὁρώμενον,</span> <span class='ocrx_word' id='word_1_237' title='bbox 1045 1538 1090 1579; x_wconf 92' lang='lat' dir='ltr'>p.</span> <span class='ocrx_word' id='word_1_238' title='bbox 1126 1527 1225 1579; x_wconf 88' lang='lat'>184,</span> <span class='ocrx_word' id='word_1_239' title='bbox 1259 1527 1284 1567; x_wconf 89' lang='lat'>9</span> <span class='ocrx_word' id='word_1_240' title='bbox 1317 1523 1399 1568; x_wconf 85' lang='grc' dir='ltr'>τὸν</span> <span class='ocrx_word' id='word_1_241' title='bbox 1436 1527 1540 1581; x_wconf 89' lang='grc' dir='ltr'>ΖΛ,</span> <span class='ocrx_word' id='word_1_242' title='bbox 1587 1539 1631 1580; x_wconf 91' lang='lat' dir='ltr'>p.</span> <span class='ocrx_word' id='word_1_243' title='bbox 1667 1529 1766 1580; x_wconf 88' lang='lat'>186,</span> <span class='ocrx_word' id='word_1_244' title='bbox 1801 1528 1855 1566; x_wconf 93' lang='lat'>11</span> 
     </span>
     <span class='ocr_line' id='line_1_22' title="bbox 169 1589 1856 1648; baseline -0.001 -13"><span class='ocrx_word' id='word_1_245' title='bbox 169 1598 380 1648; x_wconf 85' lang='grc' dir='ltr'>σημεῖον,</span> <span class='ocrx_word' id='word_1_246' title='bbox 429 1592 592 1634; x_wconf 89' lang='lat' dir='ltr'>contra</span> <span class='ocrx_word' id='word_1_247' title='bbox 628 1605 658 1633; x_wconf 85' lang='lat' dir='ltr'><strong>v</strong></span> <span class='ocrx_word' id='word_1_248' title='bbox 697 1604 801 1632; x_wconf 90' lang='lat' dir='ltr'>cum</span> <span class='ocrx_word' id='word_1_249' title='bbox 832 1589 913 1646; x_wconf 93' lang='lat' dir='ltr'>Vp</span> <span class='ocrx_word' id='word_1_250' title='bbox 958 1605 1002 1646; x_wconf 91' lang='lat' dir='ltr'>p.</span> <span class='ocrx_word' id='word_1_251' title='bbox 1038 1594 1145 1645; x_wconf 88' lang='lat'>152,</span> <span class='ocrx_word' id='word_1_252' title='bbox 1180 1594 1236 1634; x_wconf 90' lang='lat'>20</span> <span class='ocrx_word' id='word_1_253' title='bbox 1275 1589 1561 1647; x_wconf 82' lang='grc' dir='ltr'>περιφέρεια.</span> <span class='ocrx_word' id='word_1_254' title='bbox 1627 1590 1856 1648; x_wconf 85' lang='lat' dir='ltr'>originem</span> 
     </span>
     <span class='ocr_line' id='line_1_23' title="bbox 170 1655 1856 1714; baseline -0.001 -13"><span class='ocrx_word' id='word_1_255' title='bbox 170 1656 551 1714; x_wconf 82' lang='lat' dir='ltr'>interpolationis</span> <span class='ocrx_word' id='word_1_256' title='bbox 581 1655 631 1699; x_wconf 91' lang='lat' dir='ltr'>in</span> <span class='ocrx_word' id='word_1_257' title='bbox 662 1671 693 1699; x_wconf 84' lang='lat' dir='ltr'>v</span> <span class='ocrx_word' id='word_1_258' title='bbox 723 1656 931 1700; x_wconf 86' lang='lat' dir='ltr'>ostendit</span> <span class='ocrx_word' id='word_1_259' title='bbox 961 1671 1005 1713; x_wconf 93' lang='lat' dir='ltr'>p.</span> <span class='ocrx_word' id='word_1_260' title='bbox 1026 1661 1124 1712; x_wconf 88' lang='grc'>192,</span> <span class='ocrx_word' id='word_1_261' title='bbox 1150 1661 1191 1713; x_wconf 91' lang='grc'>8,</span> <span class='ocrx_word' id='word_1_262' title='bbox 1224 1656 1305 1700; x_wconf 89' lang='lat' dir='ltr'>ubi</span> <span class='ocrx_word' id='word_1_263' title='bbox 1337 1658 1398 1708; x_wconf 85' lang='grc' dir='ltr'>ὡς</span> <span class='ocrx_word' id='word_1_264' title='bbox 1428 1657 1684 1714; x_wconf 79' lang='grc' dir='ltr'><strong>ἡμικύκλου</strong></span> <span class='ocrx_word' id='word_1_265' title='bbox 1716 1670 1856 1713; x_wconf 89' lang='lat' dir='ltr'>supra</span> 
     </span>
     <span class='ocr_line' id='line_1_24' title="bbox 171 1723 1857 1781; baseline 0 -14"><span class='ocrx_word' id='word_1_266' title='bbox 171 1723 345 1781; x_wconf 88' lang='lat' dir='ltr'>scripta</span> <span class='ocrx_word' id='word_1_267' title='bbox 378 1725 506 1779; x_wconf 91' lang='lat' dir='ltr'>sunt,</span> <span class='ocrx_word' id='word_1_268' title='bbox 548 1723 630 1767; x_wconf 90' lang='lat' dir='ltr'>sed</span> <span class='ocrx_word' id='word_1_269' title='bbox 659 1739 703 1779; x_wconf 87' lang='lat' dir='ltr'>p.</span> <span class='ocrx_word' id='word_1_270' title='bbox 732 1727 830 1779; x_wconf 89' lang='lat'>146,</span> <span class='ocrx_word' id='word_1_271' title='bbox 858 1727 910 1766; x_wconf 89' lang='grc'>12</span> <span class='ocrx_word' id='word_1_272' title='bbox 945 1725 1163 1780; x_wconf 80' lang='grc' dir='ltr'>πυκτίον,</span> <span class='ocrx_word' id='word_1_273' title='bbox 1202 1739 1246 1780; x_wconf 91' lang='lat' dir='ltr'>p.</span> <span class='ocrx_word' id='word_1_274' title='bbox 1280 1729 1377 1779; x_wconf 88' lang='grc'>164,</span> <span class='ocrx_word' id='word_1_275' title='bbox 1403 1729 1428 1767; x_wconf 90' lang='grc'>2</span> <span class='ocrx_word' id='word_1_276' title='bbox 1461 1725 1542 1769; x_wconf 81' lang='grc' dir='ltr'>καὶ</span> <span class='ocrx_word' id='word_1_277' title='bbox 1573 1723 1857 1781; x_wconf 77' lang='grc' dir='ltr'>παράλληλα,</span> 
     </span>
     <span class='ocr_line' id='line_1_25' title="bbox 168 1787 1855 1848; baseline -0.001 -13"><span class='ocrx_word' id='word_1_278' title='bbox 168 1806 214 1848; x_wconf 89' lang='lat' dir='ltr'>p.</span> <span class='ocrx_word' id='word_1_279' title='bbox 242 1796 348 1847; x_wconf 89' lang='lat'>168,</span> <span class='ocrx_word' id='word_1_280' title='bbox 381 1795 438 1834; x_wconf 88' lang='grc'>14</span> <span class='ocrx_word' id='word_1_281' title='bbox 470 1787 535 1835; x_wconf 85' lang='grc' dir='ltr'>ὧν</span> <span class='ocrx_word' id='word_1_282' title='bbox 566 1817 623 1823; x_wconf 96' lang='grc'><strong>-</strong></span> <span class='ocrx_word' id='word_1_283' title='bbox 658 1795 712 1833; x_wconf 90' lang='grc'>16</span> <span class='ocrx_word' id='word_1_284' title='bbox 744 1790 968 1846; x_wconf 78' lang='grc' dir='ltr'><strong>θεώρημα</strong></span> <span class='ocrx_word' id='word_1_285' title='bbox 1008 1789 1395 1847; x_wconf 87' lang='lat' dir='ltr'>interpolationes</span> <span class='ocrx_word' id='word_1_286' title='bbox 1436 1791 1486 1834; x_wconf 89' lang='lat' dir='ltr'>in</span> <span class='ocrx_word' id='word_1_287' title='bbox 1524 1794 1657 1835; x_wconf 86' lang='lat' dir='ltr'>textu</span> <span class='ocrx_word' id='word_1_288' title='bbox 1697 1790 1855 1846; x_wconf 83' lang='lat' dir='ltr'>habet,</span> 
     </span>
     <span class='ocr_line' id='line_1_26' title="bbox 169 1855 1858 1915; baseline -0.001 -14"><span class='ocrx_word' id='word_1_289' title='bbox 169 1871 287 1913; x_wconf 86' lang='lat' dir='ltr'>quas</span> <span class='ocrx_word' id='word_1_290' title='bbox 320 1856 463 1902; x_wconf 91' lang='lat' dir='ltr'>ceteri</span> <span class='ocrx_word' id='word_1_291' title='bbox 494 1859 578 1901; x_wconf 89' lang='lat' dir='ltr'>aut</span> <span class='ocrx_word' id='word_1_292' title='bbox 610 1856 834 1901; x_wconf 86' lang='lat' dir='ltr'>omittunt</span> <span class='ocrx_word' id='word_1_293' title='bbox 866 1858 950 1900; x_wconf 87' lang='lat' dir='ltr'>aut</span> <span class='ocrx_word' id='word_1_294' title='bbox 979 1855 1030 1899; x_wconf 88' lang='lat' dir='ltr'>in</span> <span class='ocrx_word' id='word_1_295' title='bbox 1052 1871 1144 1914; x_wconf 86' lang='lat' dir='ltr'>mg.</span> <span class='ocrx_word' id='word_1_296' title='bbox 1170 1857 1462 1914; x_wconf 79' lang='lat' dir='ltr'>relinquunt3</span> <span class='ocrx_word' id='word_1_297' title='bbox 1494 1873 1538 1914; x_wconf 90' lang='lat' dir='ltr'>p.</span> <span class='ocrx_word' id='word_1_298' title='bbox 1559 1862 1659 1915; x_wconf 88' lang='lat'>190,</span> <span class='ocrx_word' id='word_1_299' title='bbox 1682 1862 1858 1901; x_wconf 87' lang='lat'>12—14</span> 
     </span>
    </p>
   </div>
   <div class='ocr_carea' id='block_1_3' title="bbox 94 1923 1858 1982">
    <p class='ocr_par' dir='ltr' id='par_1_4' title="bbox 94 1923 1858 1982">
     <span class='ocr_line' id='line_1_27' title="bbox 94 1923 1858 1982; baseline -0.001 -13"><span class='ocrx_word' id='word_1_300' title='bbox 94 1966 98 1970; x_wconf 86' lang='lat'>.</span> <span class='ocrx_word' id='word_1_301' title='bbox 171 1923 222 1967; x_wconf 90' lang='lat' dir='ltr'>in</span> <span class='ocrx_word' id='word_1_302' title='bbox 259 1939 351 1981; x_wconf 87' lang='lat' dir='ltr'>mg.</span> <span class='ocrx_word' id='word_1_303' title='bbox 384 1923 531 1968; x_wconf 89' lang='lat' dir='ltr'>habet</span> <span class='ocrx_word' id='word_1_304' title='bbox 569 1926 622 1967; x_wconf 87' lang='lat' dir='ltr'>ut</span> <span class='ocrx_word' id='word_1_305' title='bbox 652 1923 707 1980; x_wconf 94' lang='lat' dir='ltr'>V,</span> <span class='ocrx_word' id='word_1_306' title='bbox 756 1923 838 1967; x_wconf 88' lang='lat' dir='ltr'>sed</span> <span class='ocrx_word' id='word_1_307' title='bbox 876 1937 1018 1966; x_wconf 90' lang='lat' dir='ltr'>manu</span> <span class='ocrx_word' id='word_1_308' title='bbox 1053 1929 1075 1966; x_wconf 90' lang='lat'>1</span> <span class='ocrx_word' id='word_1_309' title='bbox 1125 1923 1178 1981; x_wconf 82' lang='grc' dir='ltr'>(ἢ</span> <span class='ocrx_word' id='word_1_310' title='bbox 1216 1924 1269 1969; x_wconf 84' lang='grc' dir='ltr'>τὸ</span> <span class='ocrx_word' id='word_1_311' title='bbox 1308 1924 1447 1982; x_wconf 78' lang='grc' dir='ltr'><strong>ἥμισυ</strong></span> <span class='ocrx_word' id='word_1_312' title='bbox 1486 1924 1567 1969; x_wconf 87' lang='lat' dir='ltr'>lin.</span> <span class='ocrx_word' id='word_1_313' title='bbox 1604 1929 1659 1968; x_wconf 89' lang='lat'>14</span> <span class='ocrx_word' id='word_1_314' title='bbox 1699 1923 1858 1968; x_wconf 86' lang='lat' dir='ltr'>omisit</span> 
     </span>
    </p>
   </div>
   <div class='ocr_carea' id='block_1_4' title="bbox 170 1989 1904 2782">
    <p class='ocr_par' dir='ltr' id='par_1_5' title="bbox 170 1989 1904 2782">
     <span class='ocr_line' id='line_1_28' title="bbox 170 1989 1855 2048; baseline 0 -14"><span class='ocrx_word' id='word_1_315' title='bbox 170 1989 342 2035; x_wconf 90' lang='lat' dir='ltr'>lacuna</span> <span class='ocrx_word' id='word_1_316' title='bbox 364 1990 568 2047; x_wconf 84' lang='lat' dir='ltr'>relicta);</span> <span class='ocrx_word' id='word_1_317' title='bbox 600 2005 644 2047; x_wconf 93' lang='lat' dir='ltr'>p.</span> <span class='ocrx_word' id='word_1_318' title='bbox 674 1995 772 2046; x_wconf 93' lang='lat'>176,</span> <span class='ocrx_word' id='word_1_319' title='bbox 800 1994 854 2033; x_wconf 91' lang='lat'>16</span> <span class='ocrx_word' id='word_1_320' title='bbox 886 1989 1300 2046; x_wconf 81' lang='lat' dir='ltr'>interpolationem</span> <span class='ocrx_word' id='word_1_321' title='bbox 1330 2005 1355 2035; x_wconf 94' lang='grc'>0</span> <span class='ocrx_word' id='word_1_322' title='bbox 1386 2006 1430 2048; x_wconf 91' lang='lat' dir='ltr'>p.</span> <span class='ocrx_word' id='word_1_323' title='bbox 1456 1995 1528 2048; x_wconf 91' lang='lat'>28,</span> <span class='ocrx_word' id='word_1_324' title='bbox 1554 1995 1612 2034; x_wconf 86' lang='lat'>24</span> <span class='ocrx_word' id='word_1_325' title='bbox 1641 1989 1855 2047; x_wconf 84' lang='lat' dir='ltr'>petitam,</span> 
     </span>
     <span class='ocr_line' id='line_1_29' title="bbox 171 2057 1899 2115; baseline -0.001 -13"><span class='ocrx_word' id='word_1_326' title='bbox 171 2072 314 2114; x_wconf 89' lang='lat' dir='ltr'>quam</span> <span class='ocrx_word' id='word_1_327' title='bbox 330 2057 374 2102; x_wconf 93' lang='lat' dir='ltr'><strong>V</strong></span> <span class='ocrx_word' id='word_1_328' title='bbox 395 2057 572 2111; x_wconf 83' lang='lat' dir='ltr'>recenti</span> <span class='ocrx_word' id='word_1_329' title='bbox 597 2057 783 2101; x_wconf 88' lang='lat' dir='ltr'>demum</span> <span class='ocrx_word' id='word_1_330' title='bbox 798 2057 1116 2113; x_wconf 70' lang='lat' dir='ltr'>manu&#39;habet,</span> <span class='ocrx_word' id='word_1_331' title='bbox 1141 2057 1190 2100; x_wconf 90' lang='lat' dir='ltr'>in</span> <span class='ocrx_word' id='word_1_332' title='bbox 1206 2073 1297 2115; x_wconf 86' lang='lat' dir='ltr'>mg.</span> <span class='ocrx_word' id='word_1_333' title='bbox 1315 2058 1463 2102; x_wconf 89' lang='lat' dir='ltr'>habet</span> <span class='ocrx_word' id='word_1_334' title='bbox 1487 2072 1515 2102; x_wconf 86' lang='lat' dir='ltr'>a</span> <span class='ocrx_word' id='word_1_335' title='bbox 1531 2072 1674 2102; x_wconf 89' lang='lat' dir='ltr'>manu</span> <span class='ocrx_word' id='word_1_336' title='bbox 1692 2062 1715 2101; x_wconf 94' lang='lat'>1</span> <span class='ocrx_word' id='word_1_337' title='bbox 1735 2060 1854 2115; x_wconf 53' lang='grc' dir='ltr'>(γρ),</span> <span class='ocrx_word' id='word_1_338' title='bbox 1894 2097 1899 2100; x_wconf 87' lang='grc'>.</span> 
     </span>
     <span class='ocr_line' id='line_1_30' title="bbox 173 2122 1904 2182; baseline -0.001 -13"><span class='ocrx_word' id='word_1_339' title='bbox 173 2138 374 2181; x_wconf 87' lang='lat' dir='ltr'>quocum</span> <span class='ocrx_word' id='word_1_340' title='bbox 405 2123 605 2169; x_wconf 86' lang='lat' dir='ltr'>conferri</span> <span class='ocrx_word' id='word_1_341' title='bbox 642 2125 801 2181; x_wconf 87' lang='lat' dir='ltr'>potest</span> <span class='ocrx_word' id='word_1_342' title='bbox 832 2122 1061 2167; x_wconf 86' lang='lat' dir='ltr'>scholium</span> <span class='ocrx_word' id='word_1_343' title='bbox 1093 2129 1149 2167; x_wconf 89' lang='lat'>54</span> <span class='ocrx_word' id='word_1_344' title='bbox 1181 2138 1206 2168; x_wconf 94' lang='grc'>0</span> <span class='ocrx_word' id='word_1_345' title='bbox 1236 2140 1281 2181; x_wconf 94' lang='lat' dir='ltr'>p.</span> <span class='ocrx_word' id='word_1_346' title='bbox 1316 2128 1385 2182; x_wconf 91' lang='lat'>58,</span> <span class='ocrx_word' id='word_1_347' title='bbox 1421 2128 1608 2168; x_wconf 90' lang='lat'>15—18</span> <span class='ocrx_word' id='word_1_348' title='bbox 1640 2122 1856 2180; x_wconf 87' lang='lat' dir='ltr'>petitum.</span> <span class='ocrx_word' id='word_1_349' title='bbox 1890 2171 1904 2176; x_wconf 49' lang='grc'>,</span> 
     </span>
     <span class='ocr_line' id='line_1_31' title="bbox 299 2189 1857 2247; baseline -0.001 -12"><span class='ocrx_word' id='word_1_350' title='bbox 299 2205 324 2235; x_wconf 92' lang='grc'>0</span> <span class='ocrx_word' id='word_1_351' title='bbox 379 2191 479 2236; x_wconf 89' lang='lat' dir='ltr'><strong>cod.</strong></span> <span class='ocrx_word' id='word_1_352' title='bbox 528 2196 584 2235; x_wconf 89' lang='lat'>26</span> <span class='ocrx_word' id='word_1_353' title='bbox 637 2191 845 2247; x_wconf 84' lang='lat' dir='ltr'>pendent</span> <span class='ocrx_word' id='word_1_354' title='bbox 898 2189 998 2234; x_wconf 88' lang='lat' dir='ltr'>sine</span> <span class='ocrx_word' id='word_1_355' title='bbox 1052 2189 1196 2234; x_wconf 90' lang='lat' dir='ltr'>dubio</span> <span class='ocrx_word' id='word_1_356' title='bbox 1251 2190 1486 2235; x_wconf 82' lang='lat' dir='ltr'>communi</span> <span class='ocrx_word' id='word_1_357' title='bbox 1539 2190 1857 2235; x_wconf 86' lang='lat' dir='ltr'>intercedente</span> 
     </span>
     <span class='ocr_line' id='line_1_32' title="bbox 172 2256 1904 2315; baseline -0.001 -13"><span class='ocrx_word' id='word_1_358' title='bbox 172 2258 428 2315; x_wconf 81' lang='lat' dir='ltr'>archetypo</span> <span class='ocrx_word' id='word_1_359' title='bbox 461 2257 594 2302; x_wconf 89' lang='lat' dir='ltr'>codd.</span> <span class='ocrx_word' id='word_1_360' title='bbox 628 2261 698 2313; x_wconf 90' lang='lat'>27,</span> <span class='ocrx_word' id='word_1_361' title='bbox 732 2261 802 2313; x_wconf 88' lang='lat'>28,</span> <span class='ocrx_word' id='word_1_362' title='bbox 835 2261 914 2314; x_wconf 85' lang='lat'>32,</span> <span class='ocrx_word' id='word_1_363' title='bbox 955 2270 980 2301; x_wconf 93' lang='grc'>0</span> <span class='ocrx_word' id='word_1_364' title='bbox 1020 2257 1121 2301; x_wconf 84' lang='lat' dir='ltr'><strong>cod.</strong></span> <span class='ocrx_word' id='word_1_365' title='bbox 1155 2262 1210 2300; x_wconf 88' lang='lat'>32</span> <span class='ocrx_word' id='word_1_366' title='bbox 1252 2257 1512 2314; x_wconf 87' lang='lat' dir='ltr'>descriptus</span> <span class='ocrx_word' id='word_1_367' title='bbox 1549 2259 1621 2301; x_wconf 84' lang='lat' dir='ltr'>est</span> <span class='ocrx_word' id='word_1_368' title='bbox 1651 2256 1751 2301; x_wconf 88' lang='lat' dir='ltr'><strong>cod.</strong></span> <span class='ocrx_word' id='word_1_369' title='bbox 1785 2260 1856 2312; x_wconf 85' lang='lat'>30,</span> <span class='ocrx_word' id='word_1_370' title='bbox 1902 2307 1904 2309; x_wconf 46' lang='grc'>,</span> 
     </span>
     <span class='ocr_line' id='line_1_33' title="bbox 172 2322 1904 2382; baseline -0.002 -13"><span class='ocrx_word' id='word_1_371' title='bbox 172 2327 228 2370; x_wconf 89' lang='lat' dir='ltr'>ut</span> <span class='ocrx_word' id='word_1_372' title='bbox 263 2325 338 2370; x_wconf 91' lang='lat' dir='ltr'>his</span> <span class='ocrx_word' id='word_1_373' title='bbox 377 2324 494 2370; x_wconf 92' lang='lat' dir='ltr'>locis</span> <span class='ocrx_word' id='word_1_374' title='bbox 533 2323 815 2381; x_wconf 88' lang='lat' dir='ltr'>comparatis</span> <span class='ocrx_word' id='word_1_375' title='bbox 855 2325 1062 2370; x_wconf 84' lang='lat' dir='ltr'>constat:</span> <span class='ocrx_word' id='word_1_376' title='bbox 1109 2340 1153 2381; x_wconf 92' lang='lat' dir='ltr'>p.</span> <span class='ocrx_word' id='word_1_377' title='bbox 1189 2329 1294 2381; x_wconf 92' lang='lat'>144,</span> <span class='ocrx_word' id='word_1_378' title='bbox 1328 2329 1354 2367; x_wconf 90' lang='lat'>5</span> <span class='ocrx_word' id='word_1_379' title='bbox 1393 2322 1626 2382; x_wconf 79' lang='grc' dir='ltr'>θυρίδων]</span> <span class='ocrx_word' id='word_1_380' title='bbox 1666 2327 1744 2379; x_wconf 91' lang='grc'>27,</span> <span class='ocrx_word' id='word_1_381' title='bbox 1777 2327 1856 2377; x_wconf 88' lang='grc'>28,</span> <span class='ocrx_word' id='word_1_382' title='bbox 1901 2352 1904 2380; x_wconf 59' lang='grc' dir='ltr'>Ι</span> 
     </span>
     <span class='ocr_line' id='line_1_34' title="bbox 170 2388 1904 2488; baseline -0.003 -50"><span class='ocrx_word' id='word_1_383' title='bbox 170 2390 357 2450; x_wconf 80' lang='grc' dir='ltr'>θηρίων</span> <span class='ocrx_word' id='word_1_384' title='bbox 381 2397 452 2449; x_wconf 89' lang='grc'>32,</span> <span class='ocrx_word' id='word_1_385' title='bbox 484 2393 669 2448; x_wconf 77' lang='grc' dir='ltr'><strong><em>θηρίων</em></strong></span> <span class='ocrx_word' id='word_1_386' title='bbox 693 2395 751 2435; x_wconf 87' lang='grc'>30</span> <span class='ocrx_word' id='word_1_387' title='bbox 782 2404 923 2447; x_wconf 87' lang='lat' dir='ltr'>supra</span> <span class='ocrx_word' id='word_1_388' title='bbox 947 2404 1031 2435; x_wconf 86' lang='lat' dir='ltr'>scr.</span> <span class='ocrx_word' id='word_1_389' title='bbox 1055 2392 1085 2434; x_wconf 77' lang='grc' dir='ltr'>ἃ</span> <span class='ocrx_word' id='word_1_390' title='bbox 1107 2406 1166 2436; x_wconf 91' lang='lat' dir='ltr'>m.</span> <span class='ocrx_word' id='word_1_391' title='bbox 1186 2396 1234 2446; x_wconf 80' lang='grc'>2,</span> <span class='ocrx_word' id='word_1_392' title='bbox 1265 2406 1310 2448; x_wconf 89' lang='lat' dir='ltr'>p.</span> <span class='ocrx_word' id='word_1_393' title='bbox 1331 2394 1430 2447; x_wconf 86' lang='lat'>144,</span> <span class='ocrx_word' id='word_1_394' title='bbox 1450 2396 1502 2434; x_wconf 93' lang='lat'>11</span> <span class='ocrx_word' id='word_1_395' title='bbox 1529 2389 1855 2448; x_wconf 74' lang='grc' dir='ltr'><strong><em>ἀπορρίπτειν]</em></strong></span> <span class='ocrx_word' id='word_1_396' title='bbox 1888 2388 1904 2488; x_wconf 63' lang='lat' dir='ltr'>i</span> 
     </span>
     <span class='ocr_line' id='line_1_35' title="bbox 172 2457 1904 2532; baseline -0.003 -29"><span class='ocrx_word' id='word_1_397' title='bbox 172 2463 244 2516; x_wconf 89' lang='lat'>28,</span> <span class='ocrx_word' id='word_1_398' title='bbox 277 2463 347 2516; x_wconf 87' lang='lat'>30,</span> <span class='ocrx_word' id='word_1_399' title='bbox 381 2463 457 2513; x_wconf 89' lang='grc'>32,</span> <span class='ocrx_word' id='word_1_400' title='bbox 505 2458 781 2514; x_wconf 81' lang='grc' dir='ltr'><strong>ἀπορρίπτει</strong></span> <span class='ocrx_word' id='word_1_401' title='bbox 812 2461 889 2513; x_wconf 91' lang='grc'>27,</span> <span class='ocrx_word' id='word_1_402' title='bbox 936 2472 981 2513; x_wconf 92' lang='lat' dir='ltr'>p.</span> <span class='ocrx_word' id='word_1_403' title='bbox 1017 2462 1115 2514; x_wconf 87' lang='lat'>146,</span> <span class='ocrx_word' id='word_1_404' title='bbox 1150 2463 1175 2502; x_wconf 89' lang='grc'>5</span> <span class='ocrx_word' id='word_1_405' title='bbox 1214 2457 1285 2516; x_wconf 82' lang='grc' dir='ltr'>αἱ]</span> <span class='ocrx_word' id='word_1_406' title='bbox 1320 2462 1390 2513; x_wconf 94' lang='grc'>27,</span> <span class='ocrx_word' id='word_1_407' title='bbox 1423 2461 1502 2513; x_wconf 90' lang='grc'>28,</span> <span class='ocrx_word' id='word_1_408' title='bbox 1552 2471 1640 2501; x_wconf 85' lang='grc'>0111.</span> <span class='ocrx_word' id='word_1_409' title='bbox 1673 2459 1744 2511; x_wconf 93' lang='grc'>30,</span> <span class='ocrx_word' id='word_1_410' title='bbox 1776 2459 1856 2511; x_wconf 88' lang='grc'>32,</span> <span class='ocrx_word' id='word_1_411' title='bbox 1887 2475 1904 2532; x_wconf 62' lang='lat'>³1</span> 
     </span>
     <span class='ocr_line' id='line_1_36' title="bbox 170 2521 1856 2583; baseline -0.003 -13"><span class='ocrx_word' id='word_1_412' title='bbox 170 2542 215 2583; x_wconf 90' lang='lat' dir='ltr'>p.</span> <span class='ocrx_word' id='word_1_413' title='bbox 243 2531 343 2582; x_wconf 83' lang='lat'>146,</span> <span class='ocrx_word' id='word_1_414' title='bbox 370 2530 425 2569; x_wconf 87' lang='grc'>23</span> <span class='ocrx_word' id='word_1_415' title='bbox 459 2523 562 2583; x_wconf 80' lang='grc' dir='ltr'><strong>ὅλα]</strong></span> <span class='ocrx_word' id='word_1_416' title='bbox 595 2537 682 2568; x_wconf 93' lang='lat' dir='ltr'><strong>om.</strong></span> <span class='ocrx_word' id='word_1_417' title='bbox 710 2528 780 2579; x_wconf 87' lang='lat'>26,</span> <span class='ocrx_word' id='word_1_418' title='bbox 807 2527 875 2579; x_wconf 82' lang='grc'>27,</span> <span class='ocrx_word' id='word_1_419' title='bbox 901 2528 972 2580; x_wconf 88' lang='grc'>28,</span> <span class='ocrx_word' id='word_1_420' title='bbox 998 2527 1069 2579; x_wconf 88' lang='grc'>30,</span> <span class='ocrx_word' id='word_1_421' title='bbox 1095 2529 1172 2580; x_wconf 88' lang='grc'>32,</span> <span class='ocrx_word' id='word_1_422' title='bbox 1211 2539 1256 2580; x_wconf 92' lang='lat' dir='ltr'>p.</span> <span class='ocrx_word' id='word_1_423' title='bbox 1278 2528 1376 2580; x_wconf 88' lang='lat'>146,</span> <span class='ocrx_word' id='word_1_424' title='bbox 1402 2528 1458 2567; x_wconf 86' lang='grc'>25</span> <span class='ocrx_word' id='word_1_425' title='bbox 1490 2521 1856 2579; x_wconf 78' lang='grc' dir='ltr'><strong>προσεκάθησαν</strong></span> 
     </span>
     <span class='ocr_line' id='line_1_37' title="bbox 170 2589 1856 2650; baseline -0.002 -14"><span class='ocrx_word' id='word_1_426' title='bbox 170 2597 249 2649; x_wconf 86' lang='grc'>28,</span> <span class='ocrx_word' id='word_1_427' title='bbox 280 2607 325 2649; x_wconf 91' lang='lat' dir='ltr'>p.</span> <span class='ocrx_word' id='word_1_428' title='bbox 346 2596 444 2648; x_wconf 86' lang='lat'>148,</span> <span class='ocrx_word' id='word_1_429' title='bbox 464 2596 488 2635; x_wconf 83' lang='lat'>7</span> <span class='ocrx_word' id='word_1_430' title='bbox 515 2589 708 2649; x_wconf 81' lang='grc' dir='ltr'><strong>ἑωρᾶτο]</strong></span> <span class='ocrx_word' id='word_1_431' title='bbox 736 2589 925 2650; x_wconf 80' lang='grc' dir='ltr'><strong>ἑΙωρᾶτο</strong></span> <span class='ocrx_word' id='word_1_432' title='bbox 950 2594 1020 2645; x_wconf 89' lang='grc'>26,</span> <span class='ocrx_word' id='word_1_433' title='bbox 1054 2589 1220 2645; x_wconf 82' lang='grc' dir='ltr'><strong>ὁρᾶται</strong></span> <span class='ocrx_word' id='word_1_434' title='bbox 1243 2595 1314 2647; x_wconf 92' lang='grc'>27,</span> <span class='ocrx_word' id='word_1_435' title='bbox 1332 2595 1402 2647; x_wconf 88' lang='grc'>28,</span> <span class='ocrx_word' id='word_1_436' title='bbox 1421 2595 1490 2647; x_wconf 92' lang='grc'>30,</span> <span class='ocrx_word' id='word_1_437' title='bbox 1510 2596 1587 2647; x_wconf 90' lang='grc'>32,</span> <span class='ocrx_word' id='word_1_438' title='bbox 1619 2605 1663 2646; x_wconf 91' lang='lat' dir='ltr'>p.</span> <span class='ocrx_word' id='word_1_439' title='bbox 1681 2594 1780 2644; x_wconf 90' lang='lat'>148,</span> <span class='ocrx_word' id='word_1_440' title='bbox 1800 2593 1856 2632; x_wconf 88' lang='lat'>14</span> 
     </span>
     <span class='ocr_line' id='line_1_38' title="bbox 173 2655 1891 2717; baseline -0.001 -14"><span class='ocrx_word' id='word_1_441' title='bbox 173 2657 312 2717; x_wconf 79' lang='grc' dir='ltr'>οὐδέ]</span> <span class='ocrx_word' id='word_1_442' title='bbox 346 2656 462 2715; x_wconf 78' lang='grc' dir='ltr'><strong><em>μηδὲ</em></strong></span> <span class='ocrx_word' id='word_1_443' title='bbox 495 2662 564 2714; x_wconf 87' lang='grc'>26,</span> <span class='ocrx_word' id='word_1_444' title='bbox 590 2662 661 2714; x_wconf 86' lang='grc'>27,</span> <span class='ocrx_word' id='word_1_445' title='bbox 687 2660 756 2713; x_wconf 90' lang='grc'>28,</span> <span class='ocrx_word' id='word_1_446' title='bbox 783 2660 853 2712; x_wconf 88' lang='grc'>30,</span> <span class='ocrx_word' id='word_1_447' title='bbox 879 2660 957 2711; x_wconf 83' lang='lat'>323</span> <span class='ocrx_word' id='word_1_448' title='bbox 999 2671 1043 2712; x_wconf 87' lang='lat' dir='ltr'>p.</span> <span class='ocrx_word' id='word_1_449' title='bbox 1072 2661 1168 2714; x_wconf 85' lang='lat'>148,</span> <span class='ocrx_word' id='word_1_450' title='bbox 1196 2663 1250 2701; x_wconf 80' lang='lat'>17</span> <span class='ocrx_word' id='word_1_451' title='bbox 1284 2656 1381 2714; x_wconf 82' lang='grc' dir='ltr'>ἅμα</span> <span class='ocrx_word' id='word_1_452' title='bbox 1407 2655 1511 2716; x_wconf 81' lang='grc' dir='ltr'><strong>ὅλα]</strong></span> <span class='ocrx_word' id='word_1_453' title='bbox 1547 2656 1630 2702; x_wconf 76' lang='grc' dir='ltr'>ὅλα</span> <span class='ocrx_word' id='word_1_454' title='bbox 1654 2655 1752 2712; x_wconf 79' lang='grc' dir='ltr'>ἅμα</span> <span class='ocrx_word' id='word_1_455' title='bbox 1783 2659 1854 2712; x_wconf 84' lang='grc'>26,</span> <span class='ocrx_word' id='word_1_456' title='bbox 1880 2684 1891 2702; x_wconf 64' lang='lat'>2</span> 
     </span>
     <span class='ocr_line' id='line_1_39' title="bbox 173 2716 1897 2782; baseline -0.002 -13"><span class='ocrx_word' id='word_1_457' title='bbox 173 2729 245 2782; x_wconf 84' lang='lat'>27,</span> <span class='ocrx_word' id='word_1_458' title='bbox 272 2729 341 2781; x_wconf 91' lang='lat'>28,</span> <span class='ocrx_word' id='word_1_459' title='bbox 367 2730 439 2781; x_wconf 90' lang='lat'>30,</span> <span class='ocrx_word' id='word_1_460' title='bbox 465 2729 542 2780; x_wconf 79' lang='grc'>32,</span> <span class='ocrx_word' id='word_1_461' title='bbox 573 2739 618 2780; x_wconf 87' lang='lat' dir='ltr'>p.</span> <span class='ocrx_word' id='word_1_462' title='bbox 638 2727 737 2780; x_wconf 87' lang='lat'>150,</span> <span class='ocrx_word' id='word_1_463' title='bbox 757 2727 781 2766; x_wconf 83' lang='lat'>7</span> <span class='ocrx_word' id='word_1_464' title='bbox 805 2721 884 2781; x_wconf 70' lang='grc' dir='ltr'>τά]</span> <span class='ocrx_word' id='word_1_465' title='bbox 910 2736 997 2766; x_wconf 91' lang='lat' dir='ltr'>om.</span> <span class='ocrx_word' id='word_1_466' title='bbox 1024 2726 1101 2778; x_wconf 80' lang='grc'>28,</span> <span class='ocrx_word' id='word_1_467' title='bbox 1132 2738 1178 2779; x_wconf 89' lang='lat' dir='ltr'>p.</span> <span class='ocrx_word' id='word_1_468' title='bbox 1199 2727 1297 2780; x_wconf 89' lang='lat'>150,</span> <span class='ocrx_word' id='word_1_469' title='bbox 1316 2726 1343 2766; x_wconf 92' lang='lat'>8</span> <span class='ocrx_word' id='word_1_470' title='bbox 1366 2723 1753 2780; x_wconf 74' lang='grc' dir='ltr'><strong>ἀποκλησοῡσθαι</strong></span> <span class='ocrx_word' id='word_1_471' title='bbox 1777 2727 1856 2777; x_wconf 80' lang='grc'>28,</span> <span class='ocrx_word' id='word_1_472' title='bbox 1895 2716 1897 2736; x_wconf 69' lang='lat'><em>¹</em></span> 
     </span>
    </p>
   </div>
   <div class='ocr_carea' id='block_1_5' title="bbox 168 2798 1895 2956">
    <p class='ocr_par' dir='ltr' id='par_1_6' title="bbox 168 2798 1895 2956">
     <span class='ocr_line' id='line_1_40' title="bbox 168 2798 1895 2878; baseline -0.002 -13"><span class='ocrx_word' id='word_1_473' title='bbox 168 2836 214 2878; x_wconf 89' lang='lat' dir='ltr'>p.</span> <span class='ocrx_word' id='word_1_474' title='bbox 235 2825 334 2876; x_wconf 88' lang='lat'>150,</span> <span class='ocrx_word' id='word_1_475' title='bbox 358 2825 413 2864; x_wconf 93' lang='grc'>10</span> <span class='ocrx_word' id='word_1_476' title='bbox 445 2817 858 2878; x_wconf 78' lang='grc' dir='ltr'><strong>κατεσκευακέναι]</strong></span> <span class='ocrx_word' id='word_1_477' title='bbox 881 2801 1218 2876; x_wconf 60' lang='grc' dir='ltr'><strong>κατεσκευασῗιι]</strong></span> <span class='ocrx_word' id='word_1_478' title='bbox 1255 2823 1325 2875; x_wconf 87' lang='grc'>26,</span> <span class='ocrx_word' id='word_1_479' title='bbox 1357 2817 1758 2876; x_wconf 84' lang='grc' dir='ltr'><strong>κατεσκευασμένα</strong></span> <span class='ocrx_word' id='word_1_480' title='bbox 1784 2821 1857 2874; x_wconf 83' lang='grc'>27,</span> <span class='ocrx_word' id='word_1_481' title='bbox 1892 2798 1895 2826; x_wconf 43' lang='lat'>3</span> 
     </span>
     <span class='ocr_line' id='line_1_41' title="bbox 174 2884 1892 2956; baseline -0.001 -26"><span class='ocrx_word' id='word_1_482' title='bbox 174 2891 246 2943; x_wconf 88' lang='lat'>28,</span> <span class='ocrx_word' id='word_1_483' title='bbox 279 2892 349 2943; x_wconf 90' lang='lat'>30,</span> <span class='ocrx_word' id='word_1_484' title='bbox 383 2890 461 2941; x_wconf 86' lang='grc'>32,</span> <span class='ocrx_word' id='word_1_485' title='bbox 504 2902 548 2943; x_wconf 91' lang='lat' dir='ltr'>p.</span> <span class='ocrx_word' id='word_1_486' title='bbox 576 2891 676 2942; x_wconf 90' lang='lat'>150,</span> <span class='ocrx_word' id='word_1_487' title='bbox 704 2891 755 2930; x_wconf 90' lang='lat'>11</span> <span class='ocrx_word' id='word_1_488' title='bbox 790 2884 990 2943; x_wconf 79' lang='grc' dir='ltr'><strong>ὅφρησιν</strong></span> <span class='ocrx_word' id='word_1_489' title='bbox 1022 2889 1099 2941; x_wconf 91' lang='grc'>28,</span> <span class='ocrx_word' id='word_1_490' title='bbox 1142 2901 1186 2942; x_wconf 89' lang='lat' dir='ltr'>p.</span> <span class='ocrx_word' id='word_1_491' title='bbox 1214 2890 1315 2942; x_wconf 88' lang='lat'>150,</span> <span class='ocrx_word' id='word_1_492' title='bbox 1342 2890 1397 2929; x_wconf 89' lang='lat'>13</span> <span class='ocrx_word' id='word_1_493' title='bbox 1430 2885 1584 2947; x_wconf 81' lang='grc' dir='ltr'><strong><em>φωνή]</em></strong></span> <span class='ocrx_word' id='word_1_494' title='bbox 1617 2891 1744 2942; x_wconf 81' lang='grc' dir='ltr'><em>φηνῆ</em></span> <span class='ocrx_word' id='word_1_495' title='bbox 1777 2888 1856 2940; x_wconf 73' lang='grc'>27,</span> <span class='ocrx_word' id='word_1_496' title='bbox 1890 2913 1892 2956; x_wconf 26' lang='lat' dir='ltr'><strong><em>J</em></strong></span> 
     </span>
    </p>
   </div>
   <div class='ocr_carea' id='block_1_6' title="bbox 1883 2533 1904 3184">
    <p class='ocr_par' dir='ltr' id='par_1_7' title="bbox 1883 2533 1904 3184">
     <span class='ocr_line' id='line_1_42' title="bbox 1886 2533 1904 2848; baseline 0 0"><span class='ocrx_word' id='word_1_497' title='bbox 1886 2533 1904 2848; x_wconf 95' lang='lat' dir='ltr'>   </span> 
     </span>
     <span class='ocr_line' id='line_1_43' title="bbox 1883 2848 1904 3184; baseline 0 -192"><span class='ocrx_word' id='word_1_498' title='bbox 1883 2848 1904 3184; x_wconf 95' lang='lat' dir='ltr'>  </span> 
     </span>
    </p>
   </div>
  </div>
 </body>
</html>
