1904 3184
705 111 1093 156 CA'roPTRICA.
1632 110 1739 164 317

160 231 233 284 sit
272 233 390 284 ΑΓ
428 212 707 301 specuium
744 231 991 301 planum,
1039 233 1226 286 oculus
1266 235 1449 285 autem
1486 234 1559 301 Β,
1603 230 1742 284 radii

17 382 22 395 ‹
48 323 231 373 autem
271 323 390 389 BA,
422 322 535 373 ΒΓ
565 320 633 372 ad
663 323 727 390 E,
751 325 807 373 A
845 320 1078 390 refracti,
1118 324 1370 374 cernatur
1402 323 1584 373 autem
1614 323 1743 390 EA,

23 439 33 450 ν·
43 413 101 462 et
157 410 227 462 ab
278 412 352 478 E,
389 414 445 462 A
503 408 571 462 ad
625 409 904 479 speculum
957 409 1424 479 perpendiculares
1478 409 1745 462 ducantur

43 501 180 568 ΕΖ,
217 501 333 551 ΔΘ
387 502 441 551 et
485 498 874 568 producantur,
927 499 1294 568 producantur
1344 501 1526 552 autem
1574 497 1740 551 etiam

194 621 1075 686 Affss——ss—Is

186 676 1461 1095 ,Z-kffl

198 1074 242 1123 Δ
995 1090 1060 1135 E
1539 1111 1597 1158 Β

26 1222 186 1278 ‘radii
217 1225 339 1293 ΒΓ,
363 1226 467 1276 BA
498 1227 553 1275 et
584 1223 1118 1295 perpendicularibus
1151 1227 1473 1278 concurrant
1503 1224 1562 1276 in
1584 1227 1652 1295 Κ,
1677 1227 1744 1295 Λ,

14 1317 104 1379 ct
151 1314 381 1366 ducatur
420 1315 472 1364 A
482 1313 547 1364 K.
625 1315 678 1364 Ε
719 1311 891 1383 igitur
936 1311 995 1364 in
1033 1315 1108 1380 K,
1138 1317 1194 1365 A
1241 1315 1423 1399 autem
1467 1313 1526 1366 in
1565 1316 1617 1366 A
1656 1314 1744 1366 ad-

6 1400 227 1475 ’””Ῥ31·θί;;
278 1402 384 1454 hoc
432 1400 578 1453 enim
624 1404 783 1454 antea
821 1401 1252 1454 demonstratum
1291 1405 1374 1454 est
1421 1401 1594 1472 [prop.
1630 1401 1742 1472 16].

6 1432 182 1579 {ergo
221 1494 404 1560 partes
444 1489 695 1543 sinistrae
731 1491 949 1543 dextrae
989 1491 1263 1560 adparent,
1303 1491 1521 1544 dextrae
1561 1495 1743 1545 autem

21 1579 321 1636 zsinistrae.
375 1582 431 1632 et
463 1578 721 1647 quoniam
753 1581 1057 1641 ΛΚΓΖ2
1077 1581 1251 1649 ΖΓΕ,
1291 1583 1346 1632 et
1377 1579 1563 1650 anguli
1596 1581 1663 1634 ad
1698 1585 1743 1634 Z

6 1625 217 1784 {positi
261 1668 397 1721 recti
445 1672 593 1738 sunt,
648 1668 751 1721 erit
797 1668 964 1721 etiam
1012 1671 1126 1721 ZK
1147 1695 1214 1711 =
1243 1673 1361 1722 ZE.
1445 1670 1630 1722 eadem
1678 1671 1741 1724 de

5 1777 211 1827 ,gcausa
259 1757 425 1811 etiam
470 1762 526 1810 A
538 1761 585 1810 Θ
611 1784 678 1800 =
709 1760 824 1810 ΘΛ.
909 1775 1039 1828 ergo
1088 1757 1368 1828 distantia,
1416 1777 1522 1828 qua
1560 1763 1672 1812 EA
1710 1779 1742 1813 a

5 1831 271 1933 §speculo
311 1846 480 1916 abest,
519 1846 759 1916 aequalis
801 1851 884 1899 est
927 1846 1232 1917 distantiae,
1272 1866 1377 1917 qua
1414 1847 1596 1919 imago
1629 1851 1743 1902 KA

6 1944 9 1991 ἰ
37 1935 222 1989 abest.
284 1939 339 1988 et
379 1936 523 2005 quod
562 1935 800 1989 cernitur
831 1940 957 2006 EA,
996 1935 1217 2005 aequale
1249 1940 1332 1988 est
1362 1935 1588 2007 imagini
1613 1940 1743 2008 KA,

85 2024 174 2077 uia
227 2028 332 2077 EZ
358 2050 426 2068 =
455 2027 583 2094 ZK,
639 2028 754 2078 ΔΘ
779 2050 847 2068 =
878 2027 999 2094 ΘΛ,
1059 2028 1113 2077 et
1172 2028 1275 2077 ΘΖ
1330 2026 1630 2079 communis
1686 2030 1741 2080 et

5 2148 8 2194 5
28 2113 522 2239 {perpendicularis

5 2315 8 2332 ι
27 2242 51 2323 ξ
852 2234 936 2285 20.

6 2350 45 2410 3
162 2334 227 2389 In
276 2337 508 2407 speculis
549 2336 802 2390 conuexis
850 2340 1031 2406 partes
1079 2336 1328 2390 sinistrae
1381 2337 1619 2398 dextrae,
1647 2337 1740 2390 ad-

6 2414 268 2497 ffiparent,
322 2425 539 2479 dextrae
592 2429 772 2478 autem
820 2425 1096 2496 sinistrae,
1150 2429 1204 2479 et
1249 2426 1430 2496 imago
1478 2425 1743 2479 minorem

4 2498 219 2620 {habet
258 2513 575 2567 distantiam
614 2532 646 2566 a
685 2513 917 2583 speculo

6 2598 49 2662 'gy
164 2602 237 2656 sit
304 2608 358 2656 A
368 2605 421 2656 Γ
490 2603 767 2673 speculum
836 2621 1163 2671 connexum,
1242 2606 1484 2656 centrum
1557 2606 1739 2656 autem

3 2700 11 2756 ξ
42 2686 57 2747 '3
99 2689 312 2745 ·haerae
348 2696 410 2762 Θ,
441 2692 627 2745 oculus
661 2696 843 2746 autem
869 2696 933 2761 B,
965 2695 1019 2744 et
1051 2691 1187 2744 radii
1220 2695 1336 2760 BA,
1362 2694 1474 2745 ΒΓ
1502 2692 1569 2744 ad
1601 2696 1669 2761 A,
1693 2695 1745 2745 E

6 2863 37 2906 ¹2,
78 2876 98 2913 ς
119 2868 310 2910 μενον,
348 2853 429 2898 καὶ
459 2852 510 2897 τὸ
544 2851 735 2897 εἷ’ὁωλον
770 2851 959 2897 ἔλασσόν
994 2851 1086 2895 ἐστι
1117 2858 1198 2895 τοῦ
1232 2848 1468 2907 ὁρωμένου
1501 2866 1559 2897 m.
1667 2856 1739 2898 23.

6 2917 42 2974 ’ᾖ
77 2924 81 2944 1
144 2915 192 2970 B,
227 2912 462 2969 ὁρώμενον
495 2909 545 2956 δὲ
577 2913 628 2956 τὸ
662 2915 767 2969 ΔΕ,
801 2927 859 2956 m.
986 2915 1080 2967 BA,
1108 2911 1221 2969 ΒΓ]
1257 2913 1355 2966 ΒΓ,
1383 2915 1461 2955 BA
1493 2926 1551 2956 m.
