1904 3184
89 1007 144 1047 10

87 1466 141 1507 15

85 1911 142 1951 20

85 2356 142 2396 25

178 75 288 128 214
527 78 879 120 OPTIOORUM
907 78 1205 122 RECENSIO
1237 79 1514 124 THEONIS.

177 196 489 268 ἀφῃρήσθω
529 197 562 266 ἡ
594 201 724 250 ΝΠ
757 202 846 266 ἴση
885 205 950 269 τῇ
982 202 1114 267 ΕΖ,
1151 197 1242 251 καὶ
1280 200 1711 270 περιγεγράφθω
1743 203 1868 273 περὶ

176 287 279 355 τὴν
311 289 445 339 ΛΜ
474 284 566 338 καὶ
603 287 666 339 τὸ
699 290 763 339 Π
794 294 976 356 τμῆμα
1013 288 1220 341 κύκλου
1256 289 1318 341 τὸ
1351 292 1476 341 ΛΠ
1479 293 1553 342 Μ
1557 305 1568 317 ·
1609 292 1759 344 ἔσται
1799 293 1868 361 δὴ

176 373 211 443 ἡ
257 376 395 445 πρὸς
439 382 515 447 τῷ
554 379 619 427 Π
665 378 840 443 γωνία
885 375 918 444 ἡ
966 377 1322 447 περιεχομένη
1367 377 1476 431 ὑπὸ
1522 387 1636 431 τῶν
1678 383 1879 434 ΛΠΜ

179 468 268 532 ἴση
322 471 388 534 τῇ
441 465 580 533 πρὸς
616 472 692 536 τῷ
738 468 792 516 Ε
834 467 1032 536 γωνία,
1087 465 1444 536 περιεχομένῃ
1491 463 1551 519 δὲ
1603 467 1712 522 ὑπὸ
1755 480 1867 523 τῶν

177 557 360 605 ΑΕΒ.
424 552 537 606 ἐπεὶ
569 550 672 607 οὗν
704 552 952 607 ἐλάσσων
983 553 1016 622 ἡ
1048 555 1186 624 πρὸς
1216 563 1291 627 τῷ
1325 554 1375 615 Ξ
1408 563 1504 624 τῆς
1533 557 1672 626 πρὸς
1701 566 1775 630 τῷ
1805 563 1867 626 0.

177 646 266 710 ἴση
307 639 368 694 δὲ
406 641 439 710 ἡ
480 638 580 711 μὲν
617 643 756 712 πρὸς
793 650 868 715 τῷ
913 647 959 696 Ο
997 650 1062 713 τῇ
1102 644 1240 714 πρὸς
1278 651 1353 716 τῷ
1394 648 1467 713 Ε,
1513 645 1867 718 περιεχομένῃ

176 727 236 783 δὲ
267 730 376 783 ὑπὸ
409 739 522 784 τῶν
557 735 678 800 ΘΕ,
709 735 840 801 ΕΗ,
879 730 912 800 ἡ
954 729 1014 784 δὲ
1051 733 1191 803 πρὸς
1220 740 1296 804 τῷ
1330 732 1380 793 Ξ
1413 741 1479 804 τῇ
1518 734 1657 805 πρὸς
1694 744 1770 808 τῷ
1802 740 1868 805 Ε,

174 818 530 890 περιεχομένῃ
563 816 623 872 δὲ
653 819 762 874 ὑπὸ
794 829 906 873 τῶν
931 823 1113 889 ΓΕΔ,
1147 820 1395 874 ἐλάσσων
1426 822 1534 892 ἄρα
1564 825 1868 892 φανήσεται
1901 847 1904 850 ·

174 907 208 976 ἡ
250 909 353 960 ΓΔ
398 915 494 977 τῆς
532 911 665 962 ΗΘ.
740 909 910 962 πάλιν
957 907 1071 962 ἐπεὶ
1119 908 1366 963 ἐλάσσων
1412 910 1445 979 ἡ
1491 913 1630 982 πρὸς
1675 921 1751 986 τῷ
1799 918 1863 982 Ε,
1900 935 1904 978 g

173 995 530 1066 περιεχομένη
571 994 632 1050 δὲ
668 996 777 1051 ὑπὸ
816 1006 928 1050 τῶν
972 1001 1151 1051 ΘΕΗ
1180 1006 1277 1067 τῆς
1314 999 1451 1067 πρὸς
1489 1007 1564 1071 τῷ
1604 1004 1677 1070 Ε,
1716 1020 1866 1071 περι·
1898 1014 1904 1073 ,ᾗ

174 1084 434 1154 ἐχομένης
479 1083 539 1139 δὲ
584 1085 693 1139 ὑπὸ
733 1096 846 1139 τῶν
884 1090 1078 1155 ΑΕΒ,
1130 1086 1377 1140 ἐλάσσων
1416 1089 1524 1158 ἄρα
1563 1091 1866 1158 φανήσεται

173 1172 263 1227 καὶ
303 1173 336 1242 ἡ
379 1178 498 1228 ΗΘ
539 1183 635 1244 τῆς
674 1181 727 1228 Α
736 1179 797 1228 Β.

977 1278 1074 1344 λζ’.
1896 1267 1904 1341 i

294 1371 418 1422 Τῶν
457 1368 715 1439 ἁρμάτων
763 1370 821 1422 οἱ
862 1367 1050 1439 τροχοὶ
1097 1366 1186 1423 ὁτὲ
1234 1366 1334 1438 μὲν
1371 1371 1729 1441 κυκλοειδεῖς,
1777 1355 1904 1426 ὁτὲ.

175 1454 234 1510 δὲ
273 1457 714 1528 παρεσπασμένοι
754 1466 1080 1528 φανοῦνται.

285 1549 421 1600 ἔστω
462 1548 566 1618 γὰρ
606 1550 818 1619 τροχός,
859 1544 925 1601 οὗ
966 1548 1246 1618 διάμετροι
1286 1549 1347 1601 αἱ
1380 1554 1436 1601 Δ
1447 1554 1508 1618 Ζ,
1542 1553 1659 1603 ΒΓ.
1740 1551 1866 1604 οὐκ·
1900 1606 1904 1615 ,

175 1643 279 1689 οῦν
334 1636 467 1689 ὅταν
520 1633 620 1706 μὲν
682 1637 715 1706 ἡ
774 1636 879 1690 ἀπὸ
933 1643 1033 1688 τοῦ
1089 1637 1328 1706 ὄμματος
1389 1639 1467 1700 εἰς
1520 1639 1581 1692 τὸ
1636 1637 1867 1710 κέντρον
1889 1619 1904 1655 '³

172 1725 414 1777 νεύουσα
459 1725 598 1795 πρὸς
643 1723 820 1795 ὀρθὰς
865 1720 900 1795 ᾖ
946 1732 1021 1797 τῷ
1067 1724 1303 1798 ἐπιπέδῳ
1351 1725 1384 1794 ἣ
1426 1731 1515 1795 ἴση
1562 1735 1627 1798 τῇ
1669 1727 1727 1781 ἐκ
1765 1637 1904 1820 ‘mvl

172 1811 429 1884 κέντρου,
479 1819 590 1866 ἴσαι
631 1815 692 1866 αἱ
727 1814 1009 1884 διάμετροι
1048 1822 1384 1884 φανοῦνται,
1432 1815 1506 1878 ὡς
1545 1815 1604 1869 ἐν
1642 1825 1717 1888 τῷ
1756 1819 1904 1888 πρὸ

173 1901 346 1955 αὐτοῦ
385 1905 701 1974 θεωρήματι
742 1902 1063 1972 ἀπεδείχθη·
1106 1905 1242 1957 ὥστε
1282 1903 1310 1957 ὁ
1343 1905 1539 1975 τροχὸς
1574 1905 1603 1959 ὁ
1636 1913 1735 1958 τοῦ
1768 1836 1904 1992 &Zp-³

172 2010 340 2061 ματος
369 1993 691 2061 κυκλοειδὴς
722 1994 976 2062 φαίνεται
1007 1993 1221 2046 τούτων
1251 1993 1628 2063 ὑπαρχόντων.
1690 2013 1838 2062 παρα

173 2079 483 2152 φερομένου
531 2078 592 2133 δε
637 2088 737 2133 τοῦ
778 2082 1018 2151 ἅρματος
1063 2080 1153 2134 καὶ
1200 2090 1295 2151 τῆς
1341 2082 1446 2136 ἀπὸ
1486 2091 1586 2136 τοῦ
1619 2006 1904 2171 ὄμματοςξ-

171 2171 442 2239 νευούσης
472 2172 550 2234 εἰς
580 2171 641 2224 τὸ
667 2169 897 2240 κέντρον
921 2170 1141 2234 ἀκτῖνος
1171 2173 1304 2240 μήτε
1326 2173 1465 2242 πρὸς
1488 2171 1665 2242 ὀρθὰς
1694 2150 1904 2249 ούσηςζ

171 2267 247 2330 τῷ
287 2267 386 2311 τοῦ
425 2268 627 2331 τροχοῦ
668 2258 903 2313 ἐπιπέδω
944 2262 1075 2329 μήτε
1124 2265 1244 2329 ἴσης
1289 2268 1354 2332 τῇ
1395 2261 1454 2314 ἐκ
1492 2268 1592 2314 τοῦ
1630 2260 1898 2335 κέντρουᾷ

176 2347 348 2400 αὐτοῦ
397 2350 579 2401 ἄνισοι
630 2350 691 2402 αἱ
733 2349 1014 2420 διάμετροι
1062 2356 1373 2419 φανοῦνται
1419 2349 1621 2419 ὁμοίως
1669 2352 1762 2404 διὰ
1799 2337 1898 2421 τὸῖ,

172 2437 278 2507 πρὸ
320 2437 492 2490 αὐτοῦ
532 2437 776 2507 δειχθέν·
825 2439 963 2491 ὥστε
1002 2437 1450 2509 παρεσπασμένος
1495 2437 1566 2492 ἂν
1605 2438 1894 2531 φαίνοιτοτὲ

173 2525 202 2578 ὁ
242 2529 450 2595 τροχός.
1873 2532 1884 2540 ”

1877 2599 1889 2620 9

292 2648 332 2686 3.
365 2643 394 2700 ἡ
421 2644 543 2702 (pr.)]
577 2657 716 2700 supra
749 2657 832 2689 scr.
858 2658 917 2687 m.
944 2647 970 2686 2
995 2643 1050 2687 V.
1172 2643 1202 2700 ἡ
1229 2642 1366 2701 (alt.)]
1399 2642 1584 2698 addidi3
1618 2657 1705 2687 om.
1724 2643 1805 2699 Vp
1817 2657 1883 2686 v.·

233 2706 272 2745 8.
307 2702 586 2761 φανήσεται]
619 2702 831 2758 -νήσεται
861 2702 910 2745 in
941 2717 1030 2746 ras.
1063 2718 1124 2747 m.
1160 2707 1182 2745 1
1217 2703 1270 2746 V.
1419 2707 1487 2746 11.
1527 2679 1681 2760 ΑΕΒ]
1721 2705 1878 2746 ΑΕΒ

173 2775 243 2816 pv
275 2763 327 2818 (A
361 2761 674 2806 deformatum
706 2764 778 2805 est
808 2762 858 2805 in
881 2762 954 2819 V).
1078 2766 1146 2805 13.
1180 2761 1268 2820 λζ’]
1301 2761 1384 2818 μα’
1411 2761 1504 2819 Vv,
1540 2762 1620 2820 μβ’
1646 2777 1690 2834 p.
1790 2766 1858 2804 15.

172 2819 525 2878 παρεσπαμένοι
556 2822 610 2866 V.
723 2826 789 2865 16.
826 2820 1005 2879 διάμε-]
1037 2820 1087 2864 in
1118 2835 1208 2865 ras.
1233 2836 1292 2865 m.
1322 2826 1345 2864 1
1378 2820 1434 2865 V.
1559 2825 1627 2865 18.
1661 2815 1709 2880 ᾗ]
1744 2834 1856 2864 corr.

171 2892 231 2922 ex
264 2880 304 2923 εἰ
336 2896 394 2924 m.
431 2885 454 2923 1
489 2896 530 2925 v.
652 2881 726 2939 τῇ]
762 2894 874 2925 corr.
909 2894 966 2924 ex
995 2887 1077 2924 τοῦ
1110 2880 1164 2925 V.
