1904 3184
658 105 944 147 EUCLIDIS
978 105 1209 150 OPTICA.
1713 105 1785 160 35

84 225 222 294 dico,
260 224 518 294 quoniam
549 224 619 292 by
654 223 911 294 periferia
947 228 1099 278 reeta
1132 228 1376 295 apparet.
1437 225 1615 279 iaceat
1644 227 1784 297 peri-

83 313 250 367 feriae
290 316 539 366 centrum
579 313 759 383 sitque
798 313 854 384 k,
901 317 956 366 et
996 314 1399 385 coniungantur
1436 315 1529 386 kb,
1567 315 1665 386 kd,
1703 317 1786 387 ke,

82 403 173 470 kz,
217 402 302 471 ki,
346 401 430 472 kt,
473 401 559 470 ky.
653 402 911 470 quoniam
966 421 1096 474 ergo
1142 403 1213 456 kb
1267 403 1368 456 sub
1422 404 1622 475 angulo
1668 405 1783 458 kab

79 491 298 543 uidetur
336 495 391 543 et
428 491 507 544 kd
543 491 643 543 sub
684 491 886 561 angulo
925 491 1064 561 lead,
1111 491 1287 545 maior
1325 510 1456 563 ergo
1497 494 1784 563 apparebit

79 580 151 633 kb
197 598 361 649 quam
399 579 478 632 kd
524 583 579 632 et
616 579 695 632 kd
738 597 901 649 quam
946 580 1014 633 ke
1059 584 1113 633 et
1160 581 1227 634 ke
1274 599 1438 651 quam
1475 581 1566 652 kz,
1614 586 1670 636 et
1717 602 1782 636 ex

79 668 252 721 altera
289 672 446 738 parte
484 668 557 736 kq
597 668 817 737 quidem
859 687 1023 738 quam
1054 669 1117 722 kt
1153 674 1208 723 et
1238 670 1303 723 kt
1339 689 1501 741 quam
1531 671 1595 724 kz·
1633 675 1689 725 et
1719 672 1782 725 ki

80 776 243 827 quam
281 758 352 811 kz
397 757 572 810 maior
618 762 859 828 apparet.
945 762 1001 811 et
1046 763 1271 829 propter
1316 759 1421 814 hoe
1468 778 1498 814 z
1543 764 1780 831 punctus

78 847 200 916 plus
225 847 443 900 uidetur
470 847 907 917 appropinquare
938 848 1006 900 ad
1031 852 1276 902 centrum
1303 867 1466 918 quam
1490 867 1516 903 e
1545 855 1780 920 punctus

78 940 134 989 et
171 954 198 989 e
236 954 399 1005 quam
430 937 468 989 d
503 940 558 989 et
589 938 627 989 d
663 955 826 1005 quam
858 937 901 989 b.
967 956 1132 1007 quare
1170 938 1230 990 in
1270 939 1589 1008 apparentia
1627 940 1779 994 uisus

79 1024 285 1094 aliquid
322 1025 540 1078 tollitur
578 1026 643 1078 de
683 1026 799 1079 eius
840 1026 1201 1079 connexitate.

187 1218 382 1271 Aliter.
459 1219 721 1288 possibile
777 1223 862 1272 est
915 1223 1099 1272 autem
1153 1224 1208 1273 et
1261 1221 1321 1273 in
1374 1220 1509 1290 ipsis
1565 1221 1776 1275 uisibus

77 1309 266 1361 eadem
304 1308 495 1361 dicere.
574 1308 832 1378 quoniam
880 1308 1024 1361 enim
1071 1309 1298 1362 minima
1345 1310 1585 1381 quidem,
1639 1329 1775 1380 quae

74 1396 220 1450 inter
258 1415 294 1450 a
341 1397 559 1450 oculum
607 1401 662 1450 et
709 1397 1059 1468 diametrum,
1113 1417 1324 1469 semper
1363 1403 1546 1452 autem
1585 1419 1776 1470 appro-

73 1485 330 1556 pinquior
376 1486 426 1539 ei
474 1487 654 1539 minor
701 1505 784 1556 ea,
841 1506 977 1556 quae
1023 1487 1242 1558 longius
1252 1532 1267 1559 7
1319 1488 1430 1541 ista
1473 1507 1604 1542 uero
1653 1507 1774 1542 eon-

74 1574 293 1647 tingant
343 1579 398 1629 et
444 1575 662 1629 catheto
711 1594 873 1646 super
920 1595 1040 1629 eam
1086 1577 1352 1630 existente
1400 1595 1496 1647 az,
1549 1582 1774 1648 propter

73 1662 177 1717 hoe
214 1664 560 1734 phantasiam
597 1668 777 1718 rectae
817 1665 1023 1718 emittit
1059 1666 1330 1736 periferia,
1367 1667 1602 1720 maxime
1636 1686 1773 1737 quae

75 1770 109 1805 a
150 1753 304 1822 plure
352 1757 576 1824 apparet
615 1754 817 1824 spatiO,
862 1755 1004 1807 unde
1044 1756 1446 1809 connexitatem
1495 1775 1609 1809 non
1655 1775 1773 1827 per-

74 1841 317 1912 cipimus
395 1847 619 1913 propter
666 1844 810 1912 quod
855 1862 967 1897 non
1005 1845 1239 1898 multum
1280 1849 1528 1899 extentae
1578 1847 1770 1900 cordae

192 2111 232 2152 3.
266 2110 388 2153 Ante
410 2109 511 2153 kab
542 2123 632 2153 ras.
658 2113 684 2153 1
711 2110 797 2154 litt.
823 2109 887 2154 D
981 2113 1021 2153 9.
1047 2111 1212 2185 quare]
1238 2112 1291 2154 in
1313 2125 1406 2156 ras.
1427 2111 1492 2166 D,
1515 2113 1570 2156 in
1592 2126 1677 2170 my.
1704 2125 1765 2168 q2.

132 2172 201 2212 13.
236 2167 521 2225 approquior
550 2169 614 2213 D.
738 2172 808 2213 16.
843 2168 1029 2213 emittet
1059 2154 1145 2225 D,
1131 2172 1233 2215 used
1264 2184 1377 2215 corr.

8 2452 11 2490 ζ
52 2405 163 2492 ²13v,
195 2438 244 2481 et
273 2436 712 2493 Vat„eorr.m.2.
854 2442 923 2482 12.
957 2437 1070 2497 ὑπό]
1105 2452 1192 2483 om.
1227 2438 1427 2483 Vat.¹m.
1567 2444 1635 2483 13.
1669 2447 1764 2496 μεῖ-

71 2494 151 2549 ζον
180 2510 223 2541 v.
347 2501 416 2540 16.
449 2498 605 2553 μεῖζον
636 2511 679 2541 v
804 2501 872 2541 17.
904 2504 986 2555 τῆς
1037 2511 1126 2543 om.
1159 2513 1202 2542 v.
1309 2496 1533 2574 κάθετος]
1567 2513 1679 2544 corr.
1707 2513 1764 2543 ex

9 2570 12 2583 =
71 2552 278 2600 καθέτου
307 2555 372 2611 V3
403 2555 575 2600 lacuna
600 2558 683 2600 est.
785 2555 879 2600 ἐστι
909 2557 947 2600 Β
1002 2559 1064 2601 at.
1077 2572 1173 2602 vm.
1300 2562 1367 2602 19.
1402 2557 1546 2609 ἄλλως
1596 2560 1763 2616 postea

68 2612 177 2659 add.
208 2614 265 2670 V,
298 2592 387 2659 oni.
420 2630 480 2660 m.
573 2621 644 2660 20.
678 2615 757 2660 κδ’
792 2616 899 2660 add.
932 2616 1091 2661 VVat.
1184 2621 1254 2661 21.
1287 2616 1451 2661 Post
1434 2617 1504 2662 ότι
1569 2617 1680 2675 (11.7]
1664 2618 1760 2664 V.

129 2673 184 2732 A]
226 2689 275 2718 τε
307 2679 343 2719 A
383 2675 560 2731 BVat„
608 2691 657 2719 τε
696 2690 738 2719 v,
891 2680 962 2720 22.
1013 2675 1189 2735 ἔγγιον]
1231 2690 1345 2720 corr.
1387 2690 1441 2720 ex
1485 2676 1664 2734 ἔγγειον
1704 2677 1759 2723 V

128 2730 325 2779 ἐλάττων
378 2747 492 2779 corr.
525 2748 581 2779 ex
613 2733 777 2791 μείζων
808 2749 867 2779 111.
903 2739 929 2779 2
959 2735 1015 2780 V.
1145 2736 1407 2794 ἀπώτερον]
1440 2735 1672 2794 ἀπότερον
1703 2737 1759 2782 V.

128 2794 198 2836 28.
239 2791 324 2837 ἐάν
377 2807 465 2839 0111.
497 2794 652 2840 BVat.
664 2809 706 2839 v.
859 2799 929 2839 25.
966 2795 1213 2839 ἀποστελεῖ
1241 2810 1299 2839 111.
1452 2794 1559 2855 καί]
1594 2810 1683 2841 0111.
1716 2812 1759 2854 v,

61 2842 67 2850 ⁴
161 2855 188 2895 2
219 2851 326 2897 vat.
467 2859 538 2899 27.
571 2853 868 2913 κυρτότητας]
900 2853 1101 2911 primum
1133 2871 1158 2898 τ
1189 2853 1238 2897 in
1269 2869 1358 2899 ras,
1394 2855 1448 2912 V,
1490 2855 1761 2913 κυριότητος

10 2853 160 3184 ἰὴ
191 2913 239 2955 et
266 2911 392 2969 Vat..
423 2913 504 2958 sed
537 2927 651 2958 corr.
775 2912 839 2972 οἱ]
871 2913 900 2971 ἡ
934 2927 974 2958 v.

0 3015 9 3184 l
1432 2990 1489 3033 ³*

1811 1039 1867 1079 10

1807 1591 1862 1631 15
