1904 3184
111 654 138 693 5

84 1097 139 1137 10

82 1542 140 1582 15

80 1988 137 2027 20

81 2521 136 2562 25

169 161 240 216 38
742 164 1026 206 EUCLIDIS
1059 164 1289 206 OPTICA.

168 285 231 337 αἱ
267 286 394 352 ΓΒ,
434 286 538 335 ΒΔ
585 285 692 352 ἄρα
739 282 1091 353 ἐφάπτονται.
1169 283 1476 352 ἐπεζεύχθω
1526 280 1630 337 οὖν
1669 283 1702 352 ἡ
1745 286 1863 351 ΓΛ,

168 371 261 426 καὶ
291 374 448 441 ἤχθω
482 373 576 425 διὰ
607 380 706 424 τοῦ
732 378 785 424 Α
816 375 1044 442 σημείου
1076 381 1141 444 τῇ
1169 375 1269 425 ΓΛ
1299 372 1649 443 παράλληλος
1672 373 1705 442 ἡ
1729 376 1864 427 ΗΘ.

169 461 342 533 ὀρθαὶ
408 463 515 531 ἄρα
577 463 638 513 αἱ

167 552 306 622 πρὸς
329 559 404 622 τῷ
431 553 497 603 K.
540 549 635 603 ἐὰν

171 640 238 708 δὴ
257 641 318 692 τὸ
336 643 383 692 Β
398 642 509 692 ΓΚ
526 642 636 710 τρί-

167 749 351 797 γωνον
364 729 635 798 μενούσης

168 823 265 886 τ’ῆς
328 822 381 870 Α
399 821 445 870 Β
510 815 637 887 περὶ

167 908 270 975 τὴν
310 906 494 977 ὀρθὴν
530 926 635 974 γω-

168 998 297 1048 νιάν
390 997 492 1064 τὴν
584 998 642 1047 Κ

169 1081 526 1155 περιενεχθὲν
559 1085 638 1147 εἰς

170 1175 231 1227 τὸ
281 1173 414 1226 αὐτὸ
466 1173 636 1226 πάλιν

172 1263 602 1332 ἀποκατασταθῇ
613 1303 628 1330 ,

170 1353 307 1405 ὅθεν
319 1350 521 1422 ἤρξατο
539 1350 635 1420 φέ-

170 1446 395 1511 ρεσθαι,
451 1441 484 1509 ἡ
537 1437 639 1510 μὲν
692 1442 813 1493 ΒΓ
863 1438 995 1493 καθ’
1050 1440 1111 1492 ἓν
1166 1450 1394 1510 σημεῖον
1448 1440 1715 1510 ἐφάψεται
1770 1449 1868 1510 τῆς

173 1533 431 1601 σφαίρας,
471 1530 504 1598 ἡ
545 1526 606 1582 δὲ
630 1532 747 1582 ΚΓ
777 1531 992 1598 ποιήσει
1031 1531 1133 1598 τὴν
1163 1531 1338 1599 τομὴν
1368 1531 1587 1583 κύκλον.
1657 1531 1866 1583 κύκλου

171 1615 272 1688 μὲν
319 1620 426 1690 ἄρα
472 1617 796 1689 περιφέρεια
843 1617 1152 1687 ὀφθήσεται
1200 1618 1260 1671 ἐν
1307 1626 1371 1688 τῇ
1419 1621 1645 1690 σφαίρᾳ.
1724 1617 1864 1686 λέγω

169 1706 246 1775 δέ,
287 1708 371 1761 ’ὅτι
410 1706 502 1759 καὶ
542 1710 768 1760 ἔλαττον
805 1705 1189 1777 ἡμισφαιρίου.
1252 1705 1368 1760 ἐπεὶ
1399 1707 1504 1777 γὰρ
1537 1706 1867 1775 ἡμικύκλιόν

169 1795 284 1849 ἐστι
330 1796 392 1849 τὸ
432 1798 576 1863 ΗΘ,
630 1795 691 1848 τὸ
734 1797 835 1848 ΓΔ
882 1797 1108 1848 ἔλαττον
1154 1794 1484 1864 ἡμικυκλίου
1531 1795 1696 1849 ἐστίν.
1773 1794 1866 1849 καὶ

168 1885 363 1956 ὁρᾶται
396 1885 504 1938 ὑπὸ
537 1894 648 1937 τῶν
679 1886 800 1952 ΒΓ,
826 1887 931 1937 ΒΛ
964 1883 1204 1937 ἀκτίνων
1235 1885 1296 1937 τὸ
1330 1885 1464 1938 αὐτὸ
1497 1892 1593 1953 τῆς
1624 1887 1866 1956 σφαίρας

167 1973 346 2045 μέρος.
408 1976 635 2027 ε”λαττον
674 1974 781 2043 ἄρα
820 1972 1188 2044 ἡμισφαιρίου
1227 1974 1288 2026 τὸ
1324 1976 1445 2026 ΓΔ·
1485 1972 1575 2026 καὶ
1607 1974 1715 2027 ὑπὸ
1752 1983 1865 2027 τῶν

169 2063 410 2117 ἀκτίνων
450 2073 562 2116 τῶν
601 2066 722 2131 ΒΓ,
756 2066 859 2115 ΒΔ
897 2062 1167 2132 βλέπεται.
1218 2082 1219 2085 ’

968 2224 1074 2278 κδ’.

290 2335 400 2385 Τοῦ
440 2334 681 2401 ὄμματος
718 2332 1048 2402 προσιόντος
1093 2339 1157 2400 τῇ
1199 2332 1409 2401 σφαίρᾳ
1448 2331 1673 2383 ἔλαττον
1712 2333 1863 2384 ἔσται

170 2422 231 2474 τὸ
272 2420 572 2491 ὁρώμενον,
613 2419 759 2484 δόξει
799 2416 860 2472 δὲ
898 2422 1081 2488 μεῖζον
1121 2419 1378 2489 ὁρᾶσθαι.

282 2512 417 2563 ἔστω
459 2520 686 2580 σφαῖρα,
725 2505 790 2577 ἧς
828 2507 1059 2579 κέντρον
1097 2505 1198 2577 μὲν
1229 2509 1291 2560 τὸ
1324 2512 1394 2576 Α,
1434 2509 1580 2577 ὄμμα
1612 2505 1673 2560 δὲ
1704 2509 1766 2561 τὸ
1796 2511 1862 2577 Β,

171 2598 269 2668 ἀφ’
313 2596 381 2653 οὗ
428 2598 735 2668 ἐπεζεύχθω
783 2597 977 2650 εὐθεῖα
1023 2596 1056 2664 ἡ
1096 2602 1150 2649 Α
1159 2600 1222 2649 Β.
1298 2595 1390 2649 καὶ
1428 2597 1861 2667 περιγεγράφθω

168 2686 295 2758 περὶ
334 2689 436 2756 τὴν
474 2691 584 2740 ΑΒ
631 2688 833 2748 κύκλος
871 2685 901 2739 ὁ
944 2688 1126 2754 ΓΒΔ,
1172 2683 1264 2738 καὶ
1310 2686 1467 2753 ἤχθω
1515 2685 1622 2738 ἀπὸ
1670 2693 1769 2738 τοῦ
1809 2689 1889 2738 Α·

170 2779 398 2845 σημείου
431 2784 496 2846 τῇ
529 2779 637 2829 ΑΒ
671 2775 866 2846 εὐθείᾳ
895 2775 1034 2845 πρὸς
1065 2774 1243 2844 ὀρθὰς
1282 2772 1369 2843 ἐφ’
1407 2771 1635 2845 ἑκάτερα
1667 2775 1860 2827 εὐθεῖα

291 2912 329 2951 1.
364 2908 462 2965 ΒΔ]
489 2921 602 2951 corr.
621 2920 678 2950 ex
702 2911 745 2950 Δ
767 2906 818 2950 Β.
913 2901 1020 2963 οὖν]
1047 2919 1134 2948 om.
1154 2903 1362 2949 BVat.v.
1460 2908 1499 2948 5.
1535 2905 1697 2963 ΒΓΚ]
1724 2905 1870 2948 ΒΚΓ

169 2965 377 3012 Evam.
526 2972 564 3011 7.
597 2966 700 3025 ΑΒ]
734 2969 821 3010 ΚΒ
854 2980 913 3022 m,
946 2979 1005 3008 m.
1040 2969 1066 3007 2
1098 2964 1258 3008 Vat.v.
1405 2967 1474 3007 13.
1508 2961 1768 3020 φαίρεσθαι
1798 2977 1861 3007 m.
1902 2975 1904 3020 ς

1821 3162 1824 3166 -
1897 3107 1904 3184 ὲ
