1904 3184
703 121 1092 168 CATOPTRIOA.
1628 124 1734 177 341

847 302 931 355 30.

156 417 205 471 Ε
239 418 473 488 speculis
506 419 759 472 concauis
792 420 1049 474 aduersus
1082 421 1254 474 solem
1285 422 1561 475 conuersis
1592 422 1736 493 ignis

113 506 372 560 cenditur.

156 611 229 664 sit
266 614 444 664 ΑΒΓ
479 611 759 682 speculum
798 630 1119 684 concauum,
1164 617 1271 667 EZ
1309 618 1491 667 autem
1532 614 1636 685 sol,
1683 618 1738 667 et

143 704 292 754 trum
323 700 524 770 speculi
556 705 619 771 Θ,
649 705 704 754 et
737 720 768 754 a
797 705 1001 771 puncto
1035 702 1216 773 aliquo
1240 708 1295 756 A
1326 704 1394 756 ad
1417 707 1661 756 centrum
1689 707 1753 757 Θ

843 791 1006 845 ducta
1045 795 1159 844 ΔΘ
1199 792 1266 845 ad
1303 795 1351 845 Β
1390 792 1738 863 producatur,

843 881 1058 934 adcidat
1098 885 1280 934 autem
1311 884 1431 934 ΔΓ
1461 881 1642 934 radius
1682 883 1737 934 et

842 970 911 1022 ad
933 972 992 1022 K
1014 969 1358 1040 refringatur.
1408 971 1737 1042 refringetur

840 1059 1014 1130 igitur
1045 1077 1209 1128 supra
1233 1064 1477 1113 centrum
1506 1063 1578 1131 Θ;
1608 1077 1746 1112 nam·

843 1154 877 1211 L
904 1152 968 1201 H
998 1149 1065 1200 ad
1101 1148 1367 1202 ambitum
1396 1148 1610 1218 positus
1642 1147 1738 1201 mi-

842 1255 944 1290 nor
1006 1241 1090 1290 est
1142 1236 1352 1306 reliquo
1407 1237 1607 1308 angulo
1671 1237 1739 1290 ad

844 1326 1109 1379 ambitum
1127 1327 1324 1397 positO,
1338 1326 1544 1380 scilicet
1560 1329 1608 1379 Β
1619 1328 1735 1379 ΓΔ.

844 1419 898 1468 et
953 1415 1026 1468 sit
1081 1434 1236 1469 arcus
1284 1418 1394 1469 AB
1442 1415 1589 1469 arcui
1632 1417 1745 1468 ΒΓ

844 1594 1057 1647 adcidat
1086 1598 1208 1646 AA.
1271 1593 1619 1646 manifestum
1651 1596 1767 1646 est‘

843 1683 1030 1754 igitur,
1061 1683 1272 1736 radium
1297 1686 1350 1735 A
1358 1687 1413 1735 A
1440 1682 1735 1735 refractum

74 1760 85 1834 J
149 1772 207 1823 K
240 1770 454 1841 cadere,
505 1770 634 1840 quia
673 1790 829 1825 arcus
869 1775 980 1825 AB
1020 1772 1169 1825 arcui
1209 1774 1321 1824 ΒΓ
1358 1770 1598 1840 aequalis
1638 1773 1734 1823 est.

143 1877 230 1912 em
267 1860 429 1913 modo
470 1860 988 1931 demonstrabimus,
1038 1879 1222 1914 omnes
1269 1860 1449 1914 radios
1497 1879 1529 1913 a
1567 1864 1622 1913 A
1667 1859 1735 1912 ad

138 1948 319 2002 culum
359 1948 666 2003 adcidentes
707 1953 762 2003 et
794 1950 1045 2020 aequales
1077 1969 1233 2003 arcus
1267 1949 1642 2004 abscindentes
1677 1948 1735 2001 in

75 2052 77 2057 ·
143 2056 229 2091 em
251 2042 456 2113 pupcto
482 2057 647 2109 supra
674 2042 722 2092 Θ
743 2039 926 2109 posito
952 2058 1074 2094 cum
1099 2043 1246 2093 recta
1271 2042 1317 2092 Β
1331 2042 1379 2092 Θ
1403 2055 1733 2092 concurrere.

150 2159 338 2195 rursus
386 2145 564 2195 ΑΒΓ
604 2143 883 2212 speculum
931 2162 1228 2198 concauum
1276 2143 1371 2213 sit,
1425 2141 1507 2195 sol
1554 2144 1735 2194 autem

102 2232 232 2300 EZ,
286 2234 342 2284 et
388 2249 421 2284 a
464 2235 669 2301 puncto
716 2232 898 2301 aliquo
946 2236 999 2285 E
1047 2251 1144 2302 per
1187 2235 1248 2292 Θ,
1280 2235 1525 2286 centrum
1573 2230 1736 2284 ducta

90 2318 118 2371 t
153 2320 342 2385 ΕΘΒ,
398 2318 467 2371 ab
517 2318 639 2372 aliis
686 2323 867 2372 autem
915 2324 994 2390 A,
1027 2322 1072 2372 Z
1125 2323 1304 2373 rectae
1342 2321 1524 2388 ΔΘΓ,
1559 2322 1733 2372 ΖΘΑ.

112 2408 202 2460 tea
237 2406 410 2478 igitur
450 2407 959 2479 demonstrauimus,
997 2408 1178 2462 radios
1218 2408 1286 2461 ab
1320 2411 1371 2461 E
1407 2407 1598 2462 ductos
1637 2425 1734 2477 per

141 2494 292 2565 ipsos
339 2496 591 2567 refringi,
644 2497 772 2567 quia
813 2502 847 2560 L
873 2501 937 2551 Π
956 2523 1023 2540 =
1052 2500 1102 2550 P
1141 2496 1315 2567 [prop.
1348 2495 1430 2567 3]3
1483 2495 1734 2550 diametri

103 2741 119 2759 ¹
139 2757 202 2790 m.
354 2750 424 2791 21.
458 2745 609 2791 ἄλλων
662 2763 751 2792 -ων
784 2759 809 2790 e
841 2759 955 2790 corr.
990 2761 1029 2791 v.
1165 2743 1266 2804 διά]
1299 2759 1387 2792 om.
1421 2760 1479 2791 m.
1617 2752 1708 2791 τῶν

127 2800 185 2850 V.
334 2804 415 2880 αἱ]
458 2802 540 2851 καί
625 2842 634 2850 .
802 2810 872 2850 22.
920 2802 1266 2863 προὸεὸίχαμεν
1312 2820 1355 2850 v.
1437 2861 1448 2879 Ι
1519 2809 1589 2849 28.
1637 2751 1729 2879 εἰς]

145 2861 285 2982 1]Ῑ.οω
327 2865 468 2968 Ῑιἶρις]
515 2882 563 2917 -ς
593 2878 618 2909 e
654 2878 769 2911 corr,
802 2864 867 2923 V,
914 2871 996 2923 τῆς
1034 2864 1095 2910 Μ.
1250 2868 1319 2909 24.
1369 2865 1609 2921 ὃιαμετροι
1640 2880 1728 2922 γαρ

844 1504 1100 1575 aequaIiS,
1138 1507 1193 1557 et
1227 1522 1259 1556 a
1290 1509 1346 1557 A
1385 1504 1522 1557 alius
1553 1504 1734 1557 radius
1844 1553 1846 1555 .
