1904 3184
130 620 155 659 5

101 1065 156 1104 10

101 1511 155 1550 15

103 2058 161 2097 20

107 2502 163 2541 25

182 86 292 139 228
539 87 887 130 OPTICORUM
918 86 1215 128 RECENSIO
1247 86 1526 129 THEONIS.

973 233 1085 304 μβ’·

276 339 433 393 ’Ἐστι
464 359 546 403 τις
577 342 759 408 τόπος,
798 335 866 393 οὗ
897 346 996 392 τοῦ
1029 337 1269 407 ὄμματος
1304 338 1729 408 μεθισταμένου,
1769 348 1869 393 τοῦ

186 427 247 482 δὲ
283 427 568 501 ὁρωμένου
600 428 880 498 μένοντος,
920 426 1003 480 ἀεὶ
1039 433 1161 480 ἴσον
1193 427 1254 480 τὸ
1287 426 1570 498 ὁρώμενον
1603 431 1873 498 φαίνεται.

297 521 432 571 ἔστω
460 518 564 588 γὰρ
591 517 876 588 ὁρώμενον
894 515 994 588 μὲν

187 607 248 660 τὸ
273 610 394 675 ΒΓ,
426 605 573 676 ὄμμα
607 604 667 660 δὲ
699 608 761 660 τὸ
795 611 858 677 Ζ,
889 606 989 678 ἀφ’

186 693 254 750 οὗ
269 695 764 767 προσπιπτέτωσαν
776 696 995 759 ἀκτῖνες

188 788 250 839 αἱ
257 789 369 855 ΖΒ,
382 788 490 855 ΖΓ,
504 784 596 838 καὶ
611 783 991 855 περιειλήφθω
1900 827 1904 830 «

187 876 249 928 τὸ
267 878 436 928 ΒΖΓ
458 878 734 946 τρίγωνον
757 877 993 945 τμήματι
1819 893 1861 937 z
1895 911 1904 960 j

187 964 394 1017 κύκλου
470 971 544 1036 τῷ
618 966 824 1033 ΒΖΓ,
900 962 993 1017 καὶ

188 1055 528 1122 μετακείσθω
561 1053 622 1106 τὸ
651 1057 695 1106 Ζ
728 1051 874 1122 ὄμμα
907 1051 994 1106 ἐπὶ
1128 1049 1180 1120 Χ
1218 1048 1239 1064 ’

187 1149 286 1194 τοῦ
327 1147 407 1210 Δ,
454 1140 546 1195 καὶ
592 1141 993 1211 μεταπιπτέτω-
1131 1134 1177 1185 Δ
1892 1085 1904 1175 3

188 1244 294 1284 σαν
355 1231 417 1283 αἱ
474 1229 690 1293 ἀκτῖνες
750 1232 811 1284 αἱ
864 1235 993 1300 ΔΒ,

187 1324 242 1373 Δ
253 1322 314 1373 Γ.
391 1320 599 1373 οὐκοῦν
639 1325 728 1389 ἴση
768 1319 802 1388 ἡ
842 1324 892 1373 Ρ
923 1322 1098 1388 γωνία
1136 1330 1201 1393 τῇ
1241 1326 1319 1375 Σ·
1371 1322 1431 1375 ἐν
1470 1323 1575 1393 γὰρ
1614 1330 1690 1395 τῷ
1731 1323 1879 1396 αὐτῷ

187 1411 428 1478 τμήματί
462 1410 583 1462 εἰσι.
668 1409 735 1462 τὰ
783 1405 843 1462 δὲ
889 1409 996 1463 ὑπὸ
1047 1415 1185 1464 ἴσων
1223 1420 1443 1479 γωνιῶν
1490 1411 1740 1481 ὁρώμενα
1789 1418 1880 1466 ἴσα

188 1500 458 1568 φαίνεται.
537 1503 660 1551 ἴσον
699 1499 805 1569 ἄρα
843 1499 904 1552 τὸ
945 1502 1058 1552 ΒΓ
1094 1500 1188 1552 διὰ
1232 1501 1437 1564 παντὸς
1476 1503 1730 1570 φαίνεται
1778 1508 1878 1555 τοῦ

189 1585 429 1657 ὄμματος
466 1585 873 1657 μεθισταμένου
914 1586 1002 1641 ἐπὶ
1041 1596 1137 1657 τῆς
1176 1591 1337 1641 ΒΓΔ
1373 1591 1736 1659 περιφερειάς.

1110 585 1167 632 Β
1728 581 1788 621 Γ

984 1785 1058 1834 μγ
1083 1806 1095 1818 ·

285 1867 442 1921 ’Ἐστι
472 1886 556 1931 τις
594 1870 775 1937 τόπος,
816 1865 884 1922 οὗ
916 1876 1015 1921 τοῦ
1048 1871 1288 1939 ὄμματος
1317 1869 1740 1940 μεθισταμένου,
1779 1890 1840 1924 το

193 1954 252 2010 δὲ
292 1956 575 2028 ὁρωμένου
616 1956 904 2027 μένοντος,
951 1959 1148 2012 ἄνισον
1186 1959 1247 2011 τὸ
1288 1958 1571 2029 ὁρώμενον
1609 1969 1864 2029 φανεῖται

304 2049 440 2100 ἔστω
481 2047 585 2118 γὰρ
626 2046 909 2118 ὁρώμενον
947 2048 1008 2100 τὸ
1041 2049 1172 2116 ΚΔ,
1212 2047 1404 2101 εὐθεῖα
1444 2044 1504 2100 δὲ
1535 2048 1568 2117 ἡ
1601 2051 1714 2101 ΒΓ
1744 2062 1853 2118 συμ
1899 2055 1901 2057 ’

192 2138 468 2189 πίπτουσα
506 2143 572 2206 τῇ
612 2139 720 2189 ΚΔ
763 2134 1302 2207 προσεκβαλλομένῃ,
1348 2134 1439 2189 καὶ
1487 2139 1737 2206 εἰλήφθω
1786 2144 1849 2206 τῆ

193 2229 248 2277 Δ
260 2227 313 2278 Γ
361 2223 453 2278 καὶ
507 2232 603 2294 τῆς
659 2227 768 2277 ΓΚ
824 2223 959 2294 μέση
1012 2224 1287 2293 ἀνάλογον
1340 2225 1373 2294 ἡ
1430 2229 1557 2294 ΓΖ,
1618 2225 1709 2279 καὶ
1764 2225 1855 2279 ἐπε

197 2314 406 2383 ζεύχθω
453 2313 487 2382 ἡ
538 2316 651 2366 ΖΚ
699 2312 790 2366 καὶ
837 2313 869 2381 ἡ
921 2318 1055 2383 ΖΔ,
1110 2312 1235 2384 περὶ
1282 2311 1342 2367 δὲ
1389 2315 1490 2383 τὴν
1537 2317 1652 2367 ΚΔ
1697 2282 1890 2548 aaran}

195 2404 498 2474 γεγράφθω
547 2401 728 2466 ὀξεῖαν
776 2405 903 2471 ἔχον
948 2404 1050 2472 τὴν
1100 2406 1152 2455 Φ
1201 2407 1432 2470 γωνίαν·
1493 2402 1757 2472 ἐφάψεται
1811 2403 1845 2455 ὃ
1886 2381 1904 2445 ’ἷ

197 2499 292 2560 τῆς
331 2494 443 2545 ΒΓ
474 2492 720 2560 εὐθείας,
776 2490 993 2562 ἐπείπερ
1033 2491 1206 2560 ἐστίν,
1261 2492 1335 2554 ὡς
1373 2492 1406 2560 ἡ
1446 2497 1501 2544 Δ
1512 2494 1565 2544 Γ
1602 2492 1740 2563 πρὸς
1779 2492 1844 2560 τὴ
1862 2463 1904 2560 μ’

197 2583 324 2650 ΓΖ,
364 2581 540 2644 οὕτως
579 2580 612 2649 ἡ
647 2583 757 2633 ΖΓ
785 2582 923 2651 πρὸς
961 2582 1063 2650 τὴν
1096 2583 1216 2634 ΓΚ.
1270 2582 1476 2634 κείσθω
1509 2577 1612 2634 οὖν
1642 2581 1702 2634 τὸ
1736 2561 1884 2766 ὄμρέ

197 2667 284 2722 ε’πὶ
315 2677 414 2722 τοῦ
440 2674 487 2723 Β
520 2672 765 2739 σημείου,
805 2668 894 2722 καὶ
933 2663 1479 2741 προσβεβλήσθωσαν
1511 2670 1572 2722 αἰ
1598 2673 1653 2721 Δ
1663 2672 1726 2737 Β,
1754 2672 1799 2721 Β
1860 2680 1868 2693 ²

316 2835 354 2874 1.
395 2830 499 2889 μβ’]
541 2829 629 2886 μθ’
656 2829 759 2886 Vp,
800 2844 830 2873 v
860 2845 919 2873 m.
958 2837 1002 2885 13
1051 2829 1130 2886 με’
1157 2845 1187 2873 v
1217 2845 1276 2873 m.
1311 2834 1350 2873 2.
1504 2835 1542 2873 2.
1584 2829 1789 2887 ’θιστα-]
1827 2827 1877 2874 iu

196 2902 285 2933 ras.
311 2889 365 2933 V.
489 2894 556 2933 11.
590 2889 692 2947 τοῦ]
724 2890 837 2933 mut.
863 2888 913 2931 in
943 2889 994 2933 τό
1027 2904 1085 2934 m.
1112 2902 1200 2934 reo.
1226 2889 1280 2933 V.
1396 2886 1792 2944 μεταπιπτέτωσαι
1821 2882 1876 2945 W,

1852 3125 1867 3184 ‘3'
1885 3125 1887 3164 j
