1904 3184
107 1040 165 1080 10

108 1499 166 1539 15

112 1959 170 1999 20

0 164 9 181 ,
83 96 85 99 ’
192 107 301 160 360
650 107 911 150 SCHOLIA
939 108 1006 149 m
1037 107 1426 151 CATOPTRIGA.

302 228 387 281 52.
443 229 666 291 Μέίζων
706 223 767 279 δὲ
805 225 839 294 ἡ
879 230 999 279 ΜΛ
1044 233 1140 295 τῆς
1177 230 1285 279 ΑΛ
1331 226 1528 290 οὕτως·
1583 224 1698 279 ἐπεὶ
1744 243 1883 296 παρ-

193 317 429 385 άλληλος
467 315 500 383 ἡ
542 319 645 369 BA
682 323 747 386 τῇ
776 313 943 383 HM,
1000 320 1090 383 ἴση
1131 315 1164 384 ἡ
1202 316 1340 385 πρὸς
1377 323 1453 387 τῷ
1493 319 1567 368 Μ
1603 317 1778 383 γωνία
1817 320 1883 384 τῇ

192 407 332 477 πρὸς
369 413 445 478 τῷ
487 408 562 474 A,
611 404 798 473 ἐπειδὴ
839 403 985 475 ὀρθὴ
1032 404 1065 473 ἡ
1103 405 1242 473 πρὸς
1279 412 1355 476 τῷ
1396 407 1462 457 Λ.
1540 406 1654 458 ἔστι
1693 400 1754 456 δὲ
1792 401 1884 456 καὶ

192 493 226 562 ἡ
265 495 404 565 πρὸς
442 501 518 566 τῷ
551 496 610 546 Κ
630 483 734 562 0ἰόἠ
774 501 839 563 τῇ
878 493 987 546 ὑπὸ
1020 497 1214 546 ΠΑΜ
1246 493 1340 546 διὰ
1378 494 1440 546 τὸ
1478 493 1580 561 τὴν
1618 489 1719 561 μὲν
1747 493 1886 562 πρὸς

194 591 270 655 τῷ
310 586 369 636 Κ
412 588 537 651 ἴσην
575 578 718 635 εἶναι
764 590 830 652 τῇ
876 583 1015 653 πρὸς
1052 589 1128 654 τῷ
1167 586 1246 650 Δ,
1293 583 1395 651 τὴν
1434 578 1495 634 δὲ
1539 582 1678 651 πρὸς
1715 588 1791 653 τῷ
1831 586 1885 633 Λ

193 679 259 742 τῇ
299 671 437 724 κατὰ
475 673 753 742 κορυφήν·
804 672 1100 739 ἰσογώνιον
1139 672 1246 741 ἄρα
1285 672 1346 724 τὸ
1387 675 1499 723 HA
1509 674 1583 723 M
1611 672 1886 741 τρίγωνον

193 767 270 832 τῷ
311 763 483 814 ΒΑΛ.
546 769 657 813 τῶν
696 758 757 813 δὲ
798 762 1107 828 ἰσογωνίων
1146 759 1425 827 ἀνάλογον
1462 761 1524 812 αἱ
1557 757 1791 829 πλευραὶ
1829 759 1892 811 αἱ

194 847 323 920 περὶ
362 850 460 913 τὰς
501 854 622 913 ἴσας
660 851 887 918 γωνίας·
928 851 1079 902 ἔστιν
1113 850 1237 919 ἄρα,
1278 849 1352 912 ὡς
1383 848 1416 917 ἡ
1450 852 1589 902 ΠΜ
1617 849 1756 918 πρὸς
1786 849 1888 917 τὴν

195 941 333 1007 MA,
373 938 550 1002 οὕτως
588 938 621 1007 ἡ
663 942 765 991 ΒΛ
803 939 941 1009 πρὸς
981 942 1109 991 ΛΑ·
1152 937 1245 991 καὶ
1285 937 1531 1007 ἐναλλάξ,
1571 937 1645 1000 ὡς
1682 937 1715 1006 ἡ
1758 940 1896 990 ΠΜ

196 1027 335 1097 πρὸς
373 1028 476 1096 τὴν
514 1031 639 1096 BA,
688 1027 865 1091 οὕτως
903 1026 936 1095 ἡ
977 1031 1097 1080 MA
1141 1028 1280 1098 πρὸς
1319 1031 1440 1080 ΛΑ.
1516 1029 1714 1096 μείζων
1754 1023 1815 1079 δὲ
1853 1027 1887 1095 ἡ

196 1119 317 1169 MA
347 1124 444 1186 τῆς
468 1119 594 1169 ΛΑ·
635 1119 832 1186 μείζων
863 1117 970 1186 ἄρα
1001 1115 1092 1169 καὶ
1123 1115 1156 1185 ἡ
1183 1119 1322 1169 ΠΜ
1343 1124 1440 1185 τῆς
1468 1120 1580 1170 BA.
1594 1114 1636 1187 ¹)
1687 1115 1889 1186 ὁμοίως

195 1203 287 1258 καὶ
327 1204 360 1273 ἡ
401 1209 526 1258 ΜΘ
563 1213 659 1274 τῆς
698 1209 750 1258 A
762 1208 819 1258 Γ.

307 1309 396 1363 53.
454 1309 678 1363 Οὐκοῦν
716 1310 777 1362 τὸ
817 1306 918 1378 μὲν
958 1312 1004 1361 Β
1044 1329 1094 1379 p.
1128 1309 1261 1378 336,
1295 1309 1387 1378 12]
1433 1307 1618 1377 ἐπειδὴ
1658 1306 1889 1360 ἕκαστον

197 1407 310 1451 τῶν
349 1396 648 1468 ὁρωμένων
693 1397 887 1468 ὁρᾶται
934 1398 1070 1451 κατὰ
1115 1398 1217 1467 τὴν
1263 1398 1586 1468 σύμπτωσιν
1633 1396 1896 1467 ἐκβαλλο-

198 1484 381 1556 μένων
427 1494 523 1555 τῆς
560 1505 618 1539 τε
665 1487 843 1550 ὄψεως
895 1484 987 1539 καὶ
1033 1494 1129 1556 τῆς
1175 1485 1281 1539 ἀπὸ
1328 1493 1427 1539 τοῦ
1467 1484 1753 1557 ὁρωμένου
1801 1473 1904 1539 ἐπὶ]

199 1576 261 1629 τὸ
293 1573 526 1646 κέντρον
558 1573 1032 1645 ἐπιζευγνυμένης,
1071 1576 1209 1629 ὥστε
1239 1582 1339 1628 τοῦ
1368 1579 1415 1628 Β
1448 1574 1689 1646 ὁρῶντος
1719 1581 1818 1627 τοῦ
1844 1567 1901 1627 Γ

199 1662 485 1735 ὁρωμένου
523 1662 615 1716 καὶ
653 1670 753 1716 τοῦ
795 1666 849 1717 Γ
880 1663 1122 1734 ὁρῶντος
1160 1671 1260 1717 τοῦ
1300 1668 1347 1717 Β
1394 1663 1679 1735 ὁρωμένου
1717 1661 1891 1718 ταύτὰ

199 1756 473 1822 γίνεσθαι.

312 1857 398 1910 54.
450 1855 727 1910 Ἐλάσσων
767 1853 827 1909 δὲ
865 1855 899 1924 ἡ
940 1859 1055 1909 ΕΚ
1088 1864 1184 1926 τῆς
1215 1859 1329 1910 ΒΓ
1359 1855 1417 1909 ἐκ
1455 1863 1554 1909 τοῦ
1596 1851 1893 1924 ἰσογώνιοιὲ

202 1941 344 1999 εἶναι
383 1946 444 1998 τὸ
485 1948 659 1998 ΔΛΓ
689 1953 764 2016 τῷ
804 1944 1036 2017 ΔΕΚΞ)
1085 1945 1143 1999 ἐκ
1182 1954 1278 2015 τῆς
1315 1953 1504 2015 κοινῆς
1551 1947 1755 2013 γωνίας
1799 1940 1904 2014 nal}

202 2033 260 2088 ἐκ
299 2043 412 2088 τῶν
449 2034 643 2106 ὀρθῶν
682 2035 775 2087 διὰ
813 2035 875 2087 τὸ
915 2036 1302 2106 παραλλήλους
1339 2031 1482 2089 εἶναι
1519 2035 1621 2104 τὴν
1651 2036 1767 2087 ΕΚ
1799 2009 1904 2089 xoel'

324 2287 365 2341 1)
397 2284 563 2328 Errore
594 2283 884 2341 permutauit
916 2287 1028 2340 MA,
1053 2289 1137 2329 ΛΑ
1170 2286 1218 2330 et
1251 2286 1371 2340 HM,
1398 2288 1488 2329 BA.

322 2346 365 2400 2)
391 2343 572 2388 'Debuit
603 2343 718 2389 dici:
751 2345 995 2389 dimidium
1025 2347 1182 2388 ΛΕΚ.

325 2512 393 2552 52.
428 2507 565 2565 V(q);
599 2507 764 2551 eodem
786 2507 1003 2565 pertinet.
1097 2514 1166 2553 53.
1196 2508 1325 2565 V(q).
1419 2511 1488 2552 54.
1520 2506 1657 2563 V(q);
1688 2492 1860 2563 pertin

204 2567 266 2611 ad
296 2582 340 2624 p.
366 2572 465 2623 336,
494 2572 550 2611 14
567 2582 633 2623 sq.

323 2735 365 2775 4.
397 2731 498 2834 τῷέγ
512 2744 625 2774 corr.
661 2743 716 2774 ex
747 2729 798 2774 τό
830 2745 890 2775 m.
926 2734 950 2774 1
982 2730 1037 2774 V.
1176 2734 1215 2773 6.
1248 2730 1323 2788 τῇ]
1355 2735 1437 2786 τῆς
1466 2728 1522 2773 V.

205 2796 417 2846 κορυφῆς
663 2790 844 2848 ΠΑΜ]
887 2791 1044 2833 ΠΑΝ
1077 2789 1131 2833 V.
1292 2795 1330 2833 9.
1381 2791 1478 2832 MA

205 2864 265 2894 m,
292 2854 318 2893 2
343 2849 397 2893 V.
501 2826 584 2893 '10.
619 2850 735 2907 MA]
770 2853 872 2893 ΜΛ
902 2849 957 2893 V.
1075 2852 1142 2893 11.
1179 2849 1296 2907 MA]
1330 2851 1431 2892 ΜΛ
1508 2883 1516 2892 .

205 2909 256 2952 τὸ
290 2913 326 2953 Β
357 2908 412 2954 V.
537 2912 605 2952 17.
637 2907 804 2967 ταύτά]
837 2911 984 2952 ταυτᾶ
1014 2908 1069 2952 V.
