1904 3184
98 1020 155 1060 10

99 1582 154 1622 15

96 2025 153 2066 20

95 2470 151 2510 25

194 87 301 140 184
541 89 891 132 OPTICORUM
921 75 1218 133 ΒΕοΕΝεῙο
1251 91 1527 135 THEONIS.

190 207 455 262 άπτονται
493 209 557 262 αἱ
581 212 708 277 ΔΛ,
731 212 861 262 AN
890 215 987 278 τῆς
1025 212 1281 280 σφαίρας.
1320 212 1382 263 αἱ
1414 212 1521 281 ἄρα
1559 211 1665 265 άπὸ
1695 220 1796 266 τοῦ
1819 218 1875 266 A

190 299 431 367 ὄμματος
481 300 924 369 προσπίπτουσαι
976 297 1190 362 ἀκτῖνες
1248 300 1385 352 κατὰ
1436 300 1534 362 τὰς
1584 304 1718 370 ΔΛ,
1753 306 1882 355 AN

187 393 501 440 πεσοῦνται.
596 386 766 439 πάλιν
816 387 885 455 δὴ
932 390 1332 456 μετακινείσθω
1378 389 1440 441 τὸ
1487 393 1542 441 A
1595 391 1741 458 ὄμμα
1787 388 1875 443 ε’πὶ

188 475 251 528 τὸ
290 479 357 543 Ρ,
401 473 495 528 καὶ
538 473 665 546 περὶ
710 476 812 544 τὴν
850 478 961 528 ΡΚ
1001 476 1201 539 κύκλος
1245 476 1575 548 γεγράφθω,
1619 475 1711 530 καὶ
1757 477 1874 531 ἐπε-

191 565 509 632 ζεύχθωσαν
541 565 603 617 αἱ
629 567 750 633 ΡΖ,
783 567 908 632 ΖΚ,
940 567 1066 634 ΡΣ,
1098 567 1230 617 ΣΚ.
1291 565 1498 619 οὐκοῦν
1529 566 1592 619 αἰ
1618 570 1738 635 ΡΖ,
1770 570 1881 619 ΡΣ

188 651 320 705 καθ’
347 653 409 705 ἓν
440 652 780 722 ἐφάπτονται
810 660 907 721 τῆς
939 656 1192 724 σφαίρας.
1259 652 1353 707 καὶ
1384 655 1446 707 αἵ
1472 674 1533 722 γε
1565 654 1670 709 ἀπὸ
1701 662 1799 709 τοῦ
1834 659 1885 708 Ρ
1902 647 1904 650 ’

188 742 430 811 ὄμματος
460 740 675 805 ἀκτῖνες
706 743 1151 812 προσπίπτουσαι
1188 744 1325 796 κατὰ
1358 744 1455 806 τὰς
1486 747 1607 812 ΡΖ,
1637 747 1751 797 ΡΣ
1782 762 1874 797 πε-

188 836 434 884 σοῦνται.
502 821 874 901 ὥστεὸρᾶται
909 830 1019 884 ὑπὸ
1058 828 1160 901 μὲν
1196 839 1293 900 τῆς
1331 836 1381 884 Ρ
1411 835 1616 900 γωνίας
1653 833 1715 886 τὸ
1749 837 1875 901 ΖΣ,

185 918 294 972 ὑπὸ
331 915 392 972 δὲ
430 925 527 988 τῆς
558 924 614 972 A
649 920 712 973 τὸ
751 922 950 973 ΝΖΛ·
1005 922 1189 989 μεῖζον
1228 918 1288 973 δὲ
1326 922 1388 975 τὸ
1420 925 1596 975 ΝΖΛ
1633 929 1732 975 τοῦ
1767 925 1882 974 ΖΣ

187 1007 352 1061 ἐστιν.
443 1010 699 1077 φαίνεται
753 1005 813 1061 δὲ
868 1010 1115 1062 ἔλαττον·
1162 1011 1366 1078 ,μείζων
1411 1010 1516 1081 γάρ
1564 1009 1712 1064 ἐστιν
1758 1010 1791 1079 ἡ
1831 1014 1884 1062 Ρ

186 1098 362 1165 γωνία
399 1104 495 1165 τῆς
524 1101 580 1150 A
617 1100 839 1166 γωνίας,
871 1097 940 1149 τὰ
979 1094 1040 1150 δὲ
1077 1097 1186 1151 ὑπὸ
1225 1101 1470 1167 μείζονος
1501 1102 1704 1168 γωνίας
1735 1099 1874 1169 ὁρώ-

185 1205 322 1255 μενα
366 1187 586 1254 μείζονα
632 1188 904 1255 φαίνεται.
986 1189 1170 1255 μεῖζον
1216 1188 1323 1258 ἄρα
1362 1190 1617 1257 φαίνεται
1660 1189 1722 1242 τὸ
1765 1190 1904 1252 ΖΣ,

186 1281 286 1327 τοῦ
325 1278 388 1327 Ν
394 1277 501 1327 ΖΛ
510 1315 525 1343 ,
565 1276 679 1327 ἔστι
719 1272 779 1328 δὲ
819 1277 1060 1329 ἔλαττον.

984 1487 1043 1521 κε
1069 1510 1081 1521 .

298 1574 560 1643 Σφαίρας
605 1572 699 1625 διὰ
744 1581 857 1625 τῶν
896 1573 999 1626 δύο
1045 1572 1305 1642 ὀμμάτων
1343 1572 1645 1644 ὁρωμένης,
1698 1572 1794 1627 ἐὰν
1839 1573 1898 1642 ἡ

186 1659 477 1732 διάμετρος
522 1668 618 1732 τῆς
664 1662 904 1732 σφαίρας
944 1667 1033 1731 ἴση
1079 1657 1115 1733 ᾗ
1152 1670 1218 1733 τῇ
1257 1662 1450 1734 εὐθείᾳ
1494 1670 1560 1733 τῇ
1606 1662 1897 1732 διεστώσῃ4

186 1747 292 1802 ἀπὸ
331 1758 442 1803 τῶν
482 1749 766 1819 ὀμμάτων,
803 1749 1170 1822 ἡμισφαίριον
1208 1751 1377 1821 αὐτῆς
1414 1751 1738 1820 ὀφθήσεται.

296 1839 433 1891 ἔστω
480 1839 586 1909 γὰρ
633 1848 867 1911 σφαῖρα,
919 1835 986 1907 ἧς
1032 1840 1322 1911 διάμετρος
1366 1839 1399 1909 ἡ
1443 1843 1572 1909 ΒΓ,
1627 1839 1719 1894 καὶ
1765 1840 1874 1895 ἀπὸ

183 1935 295 1980 τῶν
333 1930 399 1996 Β,
441 1929 495 1980 Γ
531 1929 797 1997 ἤχθωσαν
834 1929 973 1999 πρὸς
1012 1927 1189 1999 ὀρθὰς
1227 1929 1289 1982 αἱ
1323 1933 1445 1997 ΒΖ,
1471 1931 1594 1999 ΓΛ,
1632 1927 1724 1982 καὶ
1764 1929 1872 1983 ἀπὸ

184 2022 283 2068 τοῦ
317 2019 363 2068 Ζ
401 2017 559 2086 ἤχθω
598 2018 747 2088 παρὰ
785 2018 888 2087 τὴν
917 2017 1085 2086 ΒΓὴ
1114 2021 1237 2086 ΖΛ,
1275 2016 1367 2071 καὶ
1396 2020 1602 2071 κείσθω
1635 2019 1695 2071 ἓν
1727 2020 1875 2088 ὄμμα

185 2102 273 2157 ἐπὶ
317 2111 417 2158 τοῦ
458 2109 529 2174 Ζ,
581 2107 643 2160 τὸ
690 2104 751 2159 δὲ
797 2105 985 2177 ἕτερον
1031 2105 1120 2159 ἐπὶ
1158 2114 1258 2159 τοῦ
1299 2109 1373 2175 Λ,
1429 2106 1533 2159 ἀπὸ
1574 2103 1635 2159 δὲ
1672 2114 1772 2159 τοῦ
1812 2111 1868 2160 A

183 2194 415 2265 κέντρου
469 2195 627 2263 ἤχθω
680 2196 829 2265 παρὰ
882 2196 985 2265 τὴν
1040 2199 1145 2249 ΒΖ
1199 2194 1232 2263 ἡ
1286 2198 1418 2248 AK.
1514 2195 1720 2248 οὐκοῦν
1775 2194 1875 2249 ἐὰν

183 2283 455 2352 μενούσης
505 2290 603 2352 τῆς
648 2289 703 2337 A
712 2286 771 2336 K
818 2285 879 2337 τὸ
934 2287 1050 2337 ΒΚ
1097 2285 1667 2355 παραλληλόγραμμον
1719 2302 1871 2356 περι-

184 2368 413 2440 ενεχθὲν
450 2373 530 2436 εἰς
559 2372 620 2425 τὸ
654 2372 787 2425 αὐτὸ
819 2373 987 2426 πάλιν
1018 2373 1460 2443 ἀποκατασταθῇ,
1500 2372 1636 2426 ὅθεν
1670 2372 1904 2448 ἤρξατοί

184 2458 480 2531 φέρεσθαι,
525 2462 588 2515 τὸ
625 2459 967 2532 περιγραφὲν
1009 2462 1118 2515 ὑπὸ
1164 2469 1261 2530 τῆς
1298 2465 1402 2513 BA
1448 2468 1626 2530 σχῆμα
1670 2463 1901 2525 κύκλος,-Ἰ

184 2551 351 2618 ἕσται,
391 2549 451 2612 ὅς
480 2569 543 2618 γε
581 2550 675 2603 διὰ
711 2557 811 2603 τοῦ
850 2548 1082 2622 κέντρου
1122 2548 1236 2607 ἐστὶ
1273 2557 1369 2618 τῆς
1407 2552 1661 2620 σφαίρας.
1730 2551 1868 2604 ὥστε
1898 2535 1904 2606 J

302 2714 343 2754 4.
381 2710 492 2769 PK]
529 2714 568 2754 P
590 2725 636 2768 p,
668 2714 764 2754 KP
787 2725 829 2756 v.
982 2716 1022 2757 8.
1056 2711 1152 2770 ὁρ-]
1184 2709 1234 2753 in
1264 2723 1353 2754 ras.
1388 2723 1447 2753 m.
1484 2714 1506 2753 1
1541 2709 1594 2754 V.
1742 2716 1781 2755 9.
1814 2709 1867 2755 τὸ

186 2771 330 2813 ΝΖΛ
355 2770 476 2828 (pr.)]
507 2769 590 2814 τὸν
626 2773 710 2814 ΖΛ
741 2785 792 2827 v;
823 2770 876 2815 τὸ
907 2773 1017 2827 ΝΖ,
1048 2770 1155 2815 add.
1190 2772 1280 2813 ΣΛ
1311 2784 1370 2812 m.
1397 2774 1437 2824 2,
1470 2783 1513 2825 p.
1635 2769 1687 2813 τὸ
1721 2771 1867 2814 ΝΖΛ

79 2872 82 2875 ,
184 2828 323 2887 (alt.)]
370 2828 452 2873 τὸν
496 2832 579 2873 ΖΛ
617 2844 668 2885 v3
715 2829 767 2874 τὸ
810 2832 863 2874 N
871 2833 977 2887 ZA,
1024 2844 1164 2887 supra
1204 2827 1310 2872 add.
1346 2830 1393 2871 Σ
1423 2842 1483 2871 m.
1518 2832 1565 2884 2,
1613 2843 1656 2884 p.
1796 2834 1865 2878 10.

184 2887 305 2932 ἐστιν
331 2888 452 2946 (pr.)]
487 2887 579 2933 ἐστι
608 2903 653 2946 p.
777 2891 931 2945 μεῖζον
962 2904 1004 2934 v.
1129 2889 1190 2947 P]
1224 2901 1249 2931 e
1280 2900 1392 2931 corr.
1425 2901 1469 2943 p.
1595 2891 1662 2932 13.
1699 2889 1752 2931 N
1760 2886 1864 2950 ZA]
