1904 3184
698 73 1164 117 PROLEGOMENA.
1571 69 1787 115 XXXVII

28 190 29 194 ’
88 193 220 238 1118118
243 193 510 250 poneretur,
536 190 636 235 eius
658 189 882 247 periferia
901 189 1040 234 citius
1066 189 1205 234 simul
1222 188 1654 246 comprehendetur,
1680 203 1786 232 cum

89 273 249 306 omnes
272 258 411 315 linee,
434 271 519 315 per
542 271 660 314 quas
685 256 915 314 dirigetur
937 256 1082 314 uisus,
1109 258 1219 300 sunt
1243 255 1448 312 equaleS,
1481 257 1530 299 et
1553 254 1783 312 similiter,

89 328 131 372 si
159 327 210 371 in
242 328 403 370 centro
435 337 568 382 spere
600 326 854 382 poneretur
885 323 1061 380 oculus,
1092 325 1198 379 tota
1222 322 1322 367 eius
1347 321 1620 366 concauitas
1645 322 1785 366 81111111

39 411 42 414 ’
86 394 139 440 111
169 393 335 438 eodem
364 395 575 448 tempore
608 390 734 435 uisui
765 392 974 447 apparet.

206 481 336 525 prop.
370 471 419 512 2:
473 464 728 522 Equalium
766 464 1148 522 magnitudinum
1185 463 1236 508 in
1267 462 1497 508 distantia
1527 462 1785 507 iacentium
1831 470 1852 502 5

87 535 280 593 propius
310 533 470 591 posita
500 531 819 590 perspicacius
851 531 1052 576 uidetur.

209 599 449 657 equalium
479 597 743 642 uisibih'um
774 597 1059 654 inequaliter
1097 596 1147 640 in
1188 597 1387 641 eandem
1415 598 1600 654 partem
1630 595 1786 640 iacen-

87 668 210 713 tium
239 666 318 711 uel
348 667 635 711 remotorum
665 664 990 722 propinquiori
1023 666 1095 708 est
1124 662 1254 707 uisus
1288 663 1470 709 certior.

665 731 761 776 sint
798 731 904 776 uisa
943 733 1013 777 ad
1043 746 1118 788 ce,
1167 745 1257 787 que
1298 733 1484 789 oportet
1520 730 1787 788 ymaginari

264 798 300 852 b
563 812 664 843 8888
697 799 886 855 equalia
917 801 966 843 et
993 798 1450 856 paralellogramma,
1483 797 1643 842 oculus
1674 810 1786 841 uero
1809 805 1854 836 10

563 1132 711 1191 igitur
756 1135 826 1179 ad
871 1132 1061 1178 uidetur
1107 1133 1192 1178 sub
1241 1132 1414 1190 angulo
1462 1134 1588 1189 abd,
1644 1146 1788 1188 quare
1812 1136 1855 1169 15

125 1215 161 1246 e
406 1218 440 1251 c
565 1199 806 1244 uidebitur
849 1200 935 1244 sub
974 1199 1127 1244 tribus
1169 1199 1356 1258 angulis
1396 1202 1498 1256 abs
1527 1201 1557 1255 f
1563 1201 1588 1245 b
1598 1215 1628 1258 y
1665 1201 1788 1258 ybd,

565 1267 652 1311 sub
700 1281 898 1322 quorum
943 1280 1037 1310 uno
1083 1266 1310 1311 uidelicet
1349 1266 1435 1310 sub
1481 1265 1654 1324 angulo
1695 1268 1790 1324 bey

28 865 41 909 ·.
565 865 627 909 sit
651 868 729 923 bd,
755 868 826 911 ad
847 880 959 910 uero
985 865 1048 909 sit
1069 864 1377 922 propinquius
1401 865 1537 910 oculo
1561 878 1704 921 quam
1719 878 1786 910 ce.

31 933 40 980 ἑ
565 932 685 989 dico,
719 933 846 989 quod
877 935 947 978 ad
977 932 1294 990 perspicacius
1326 932 1516 977 uidetur
1547 946 1689 989 quam
1720 946 1786 977 ce.

30 1003 42 1046 ἕ
567 998 784 1043 incidant
829 999 955 1044 enim
999 998 1122 1043 radii
1170 1001 1238 1044 bd
1284 1001 1348 1044 ba
1392 1001 1449 1045 bc
1493 1001 1569 1056 be,
1616 997 1787 1058 positis

30 1092 44 1129 ἶ
92 1047 146 1103 d
297 1093 363 1146 f
437 1074 478 1110 a
562 1065 688 1110 notis
719 1068 790 1125 fy,
823 1066 906 1110 ubi
938 1068 995 1112 be
1024 1068 1082 1112 bc
1111 1066 1400 1110 intersecant
1430 1068 1512 1112 ad.
1565 1065 1788 1122 quoniam

28 1343 30 1347 ’
89 1331 167 1376 1181
199 1333 225 1377 b
232 1333 299 1390 yf
322 1333 735 1389 comprehenditur
764 1349 788 1379 e
795 1349 837 1393 y.
894 1334 980 1377 sub
1011 1333 1226 1390 pluribus
1258 1332 1405 1391 igitur
1435 1331 1623 1390 angulis
1655 1331 1790 1377 uide-

35 1444 38 1447 ,
90 1400 168 1442 tur
197 1400 269 1443 ad
299 1413 442 1455 quam
473 1415 539 1445 ce.
591 1414 676 1457 per
707 1405 776 1445 13.
810 1399 957 1458 igitur
986 1399 1267 1457 petitionem
1297 1399 1436 1444 huius
1468 1398 1785 1457 perspicacius

90 1468 140 1510 et
170 1465 342 1510 certius
373 1466 563 1511 uidetur
593 1469 664 1512 ad
694 1482 837 1524 quam
868 1483 933 1513 ec.
999 1469 1048 1512 et
1077 1467 1167 1511 hoc
1199 1468 1272 1510 est
1301 1465 1607 1523 propositum.
1812 1478 1856 1511 20

209 1562 339 1605 prop.
366 1553 415 1594 3:
456 1549 832 1606 Unumquodque
857 1549 1065 1594 uisorum
1089 1549 1237 1594 habet
1259 1547 1607 1606 longitudinem
1631 1547 1789 1606 spatii,

38 1611 42 1619 “
91 1628 185 1671 quo
217 1614 345 1660 facto
377 1615 474 1660 iam
504 1630 601 1660 non
632 1616 886 1662 uidebitur.

210 1682 458 1738 quodlibet
499 1683 690 1728 uisibile
734 1697 820 1741 per
866 1682 1215 1740 elongationem
1263 1681 1475 1738 aliquam
1518 1695 1614 1725 non
1651 1693 1789 1737 posse

4 1787 6 1808 ;
36 1764 53 1812 g,
91 1749 343 1794 terminare
375 1749 543 1795 uisum.

3 2255 8 2269 1

0 2282 7 2310 ,δ

4 2309 52 2327 'bx

212 1814 275 1859 sit
304 1829 378 1860 res
409 1815 515 1860 uisa
544 1818 627 1874 ad,
662 1816 824 1861 oculus
856 1830 967 1862 uero
1000 1819 1039 1874 b,
1071 1816 1194 1861 radii
1227 1830 1337 1861 uero
1364 1814 1694 1873 prouenientes
1727 1813 1787 1858 ad
1811 1825 1854 1859 25

40 1912 43 1919 ,
91 1881 315 1927 terminos
339 1882 407 1926 rei
430 1882 532 1927 uise
557 1882 652 1928 sint
675 1885 740 1929 ba
764 1885 841 1929 bd.
875 1883 1098 1940 quoniam
1121 1883 1269 1940 igitur
1291 1882 1341 1926 in
1365 1881 1535 1926 ultima
1557 1880 1787 1938 petitione

212 2097 251 2136 1.
276 2090 427 2150 uisus]
445 2105 527 2136 om.
546 2091 608 2135 D.
671 2093 875 2148 ponatur
890 2092 952 2136 D.
1017 2091 1116 2136 eius
1133 2118 1191 2124 ——
1209 2091 1368 2150 simul]
1387 2091 1548 2135 oculus
1566 2089 1706 2134 simul
1722 2093 1785 2136 D.

151 2155 192 2195 2.
218 2153 328 2194 sunt
373 2153 529 2195 essent
553 2150 645 2194 sibi
667 2150 871 2196 inuicem
894 2152 957 2196 D.
1065 2156 1104 2196 3.
1137 2153 1342 2208 ponatur
1365 2151 1427 2195 D.
1530 2154 1644 2194 7-8
1669 2150 1785 2195 DL.

41 2241 46 2255 .
154 2214 193 2254 7.
226 2209 318 2254 11181
353 2209 487 2254 11111111
524 2211 635 2266 TL,
674 2210 1054 2268 magnitudinum
1086 2211 1150 2255 D.
1278 2210 1533 2254 iacentium
1564 2209 1660 2268 uel]
1701 2225 1783 2256 om.

45 2287 49 2297 ·
92 2268 207 2315 DL.
312 2274 351 2314 8.
385 2272 669 2315 remotarum
700 2270 763 2315 D.
862 2269 1209 2327 propinquioris
1234 2270 1349 2315 DL.
1466 2274 1612 2313 9-20
1639 2270 1709 2325 D3
1743 2269 1788 2314 L

40 2362 60 2419 3,
90 2328 223 2374 habet
251 2344 295 2386 p.
322 2334 363 2386 5,
396 2334 564 2386 8—12,
603 2331 681 2374 sed
712 2343 801 2387 pro
831 2345 875 2387 p.
903 2335 943 2387 5,
976 2335 1029 2373 12
1062 2329 1316 2387 trigoni—
1347 2335 1400 2374 16
1433 2330 1576 2374 aliam
1607 2330 1789 2374 demon«

4 2452 6 2464 Ι
40 2420 61 2466 ,Ι
91 2389 368 2444 mationem,
400 2391 590 2446 quaein
612 2404 698 2447 my.
724 2391 905 2435 transit.
1030 2394 1098 2434 11.
1133 2390 1227 2448 bd]
1261 2391 1286 2434 b
1318 2390 1380 2434 D.
1493 2389 1588 2447 ad]
1622 2389 1691 2433 da
1722 2389 1784 2433 D.

155 2451 223 2493 12.
256 2447 363 2492 dico
395 2461 505 2506 ergo
538 2450 599 2493 D.
747 2453 815 2494 13.
850 2450 908 2494 be
940 2450 1014 2508 be]
1050 2451 1105 2494 be
1137 2450 1196 2494 bc
1227 2449 1289 2493 D.
1427 2453 1494 2493 14.
1529 2449 1692 2491 secant
1721 2447 1783 2492 D.

43 2513 63 2535 δ
154 2511 224 2551 15.
257 2507 425 2611 ἰςίῒιιῧ
456 2521 574 2575 ergo·
599 2509 661 2575 D.
774 2513 841 2553 17.
877 2509 997 2567 bey]
1030 2510 1119 2553 ebc
1152 2508 1216 2552 D.
1309 2511 1407 2574 ⁸1·8.
1443 2508 1563 2566 byf]
1595 2508 1698 2565 ybf
1720 2507 1783 2552 D.

187 2567 244 2634 y]
282 2582 336 2612 ce
429 2604 437 2612 .
561 2569 727 2626 igitur]
769 2581 879 2626 ergo
911 2568 974 2613 D.
1100 2571 1167 2612 19.
1210 2568 1469 2626 13.1g1tur]
1509 2571 1548 2611 6.
1575 2579 1685 2624 ergo
1721 2566 1784 2612 D.

33 2595 61 2639 ⁴3
152 2581 311 2685 lcimus]
343 2626 415 2682 D,
458 2624 490 2670 ι’
526 2628 574 2672 Τ.
727 2631 797 2672 20.
839 2626 1079 2672 uidebitur
1114 2628 1175 2671 D.
1330 2629 1378 2670 et
1407 2626 1516 2684 hoc]
1557 2625 1683 2682 quod
1721 2626 1785 2670 D.

153 2689 346 2730 23—24
375 2685 447 2743 D,
494 2686 748 2731 cuiuslibet
786 2685 989 2731 uisibilis
1035 2699 1119 2743 per
1158 2685 1505 2743 elongationem
1544 2683 1786 2729 terminari

0 2720 28 2738 '-
96 2742 250 2789 nisum
280 2745 337 2790 L.
434 2749 504 2791 23.
538 2745 766 2805 aliquam]
798 2760 882 2791 om.
914 2746 976 2791 D.
1078 2749 1134 2789 25
1153 2759 1219 2801 sq.
1253 2746 1324 2800 D,
1358 2745 1401 2788 L
1431 2746 1561 2790 habet
1591 2759 1635 2802 p.
1662 2748 1704 2800 ὅ,
1730 2748 1784 2788 19

75 2807 211 2861 ”-Ἰ,
242 2810 293 2861 6,
340 2805 418 2850 sed
454 2820 544 2862 pro
581 2821 625 2862 p.
662 2811 710 2861 7,
751 2811 776 2849 2
825 2805 886 2849 ad
929 2832 980 2838 —
1023 2809 1050 2848 4
1100 2803 1341 2848 uidebitur
1379 2806 1783 2862 interpolationem.

97 2903 101 2906 ,
154 2866 225 2909 26.
257 2863 583 2921 peruenientes
616 2866 678 2910 D.
811 2870 880 2909 26.
915 2863 1079 2923 igitur]
1113 2877 1223 2920 ergo
1256 2864 1317 2908 D.
1441 2863 1628 2922 ultima]
1662 2867 1688 2906 8
1720 2863 1782 2907 D.
