1904 3184
82 972 139 1012 10

86 1417 140 1457 15

87 1891 145 1933 20

89 2350 145 2391 25

171 41 278 96 196
519 44 870 88 οΡΠοοΒοΜ
898 45 1196 90 Rsscmslo
1227 47 1506 91 THEONIS.

170 166 290 232 ΓΒ,
324 166 436 216 ΓΚ
469 162 730 217 ἐπίπεδον
769 163 1149 235 ἐκβεβλήσθω,
1199 166 1293 218 διὰ
1332 164 1394 219 δὲ
1431 175 1544 220 τῶν
1582 170 1711 236 ΔΒ,
1743 170 1864 220 ΔΚ

170 249 374 322 ὁμοίως
426 251 616 323 ἕτερον
676 251 936 307 ἐπίπεδον
997 253 1365 324 ἐκβεβλήσθω.
1465 255 1671 309 οὐκοῦν
1725 270 1861 326 συμ-

168 351 411 395 πεσεῖται
445 341 535 412 [τά
561 341 837 412 ἐπίπεδα]·
877 343 940 396 αἵ
965 362 1023 396 τε
1053 344 1158 415 γὰρ
1193 346 1311 411 ΓΒ,
1339 348 1450 397 ΔΒ
1490 347 1862 414 συμπίπτουσι

168 429 261 484 καὶ
300 432 363 484 αἱ
396 433 519 500 ΓΚ,
551 434 681 484 ΚΛ.
743 430 1203 501 συμπιπτέτωσαν
1241 429 1345 486 οὖν
1383 433 1450 485 τὰ
1489 432 1732 501 ἐπίπεδα,
1771 432 1860 486 καὶ

170 521 305 572 ἔστω
347 520 531 573 αὐτῶν
575 521 736 589 κοινὴ
782 522 921 590 τομὴ
963 520 998 589 ἡ
1036 524 1162 574 ΒΚ.
1239 519 1405 590 λέγω,
1453 522 1560 590 ὅτι,
1609 522 1747 575 ὅπου
1788 521 1858 575 ἂν

169 606 257 661 ἐπὶ
295 615 392 677 τῆς
429 611 547 661 ΒΚ
589 614 727 679 τεθῇ
764 610 827 663 τὸ
868 608 1039 679 ὄμμα,
1088 615 1212 663 ἴσον
1256 617 1356 663 τοῦ
1395 611 1580 664 κώνου
1622 612 1683 664 τὸ
1723 609 1860 681 ὁρώ-
1895 601 1904 651 ¹

170 716 339 767 μενον
379 700 650 767 φαίνεται.

279 789 491 840 κείσθω
539 788 645 858 γὰρ
696 785 785 841 ε’πὶ
830 795 926 857 τῆς
972 791 1087 841 ΒΚ
1129 789 1190 841 τὸ
1242 792 1286 840 Ζ
1342 787 1513 858 ὄμμα,
1567 787 1659 841 καὶ
1704 789 1860 858 ἤχθω

171 875 264 927 διὰ
312 883 413 928 τοῦ
456 879 501 928 Ζ
556 875 705 947 παρὰ
750 873 851 946 μὲν
890 877 992 945 τὴν
1030 880 1146 929 ΚΔ
1191 877 1224 946 ἡ
1267 881 1402 946 ΖΝ,
1455 878 1604 946 παρὰ
1651 875 1711 930 δὲ
1763 879 1863 947 τὴν

172 965 286 1017 ΓΚ
334 962 368 1031 ἡ
431 967 554 1016 ΖΣ.
655 963 864 1017 οὐκοῦν
918 965 980 1017 αἱ
1031 968 1167 1033 ΖΝ,
1208 969 1323 1017 ΖΣ
1378 956 1474 1034 τῆς
1527 973 1626 1019 τοῦ
1679 967 1861 1020 κώνου

174 1052 496 1122 ἐπιφανείας
547 1053 685 1107 κατὰ
738 1054 805 1107 τὰ
859 1057 940 1123 Ν,
987 1057 1046 1106 Σ
1103 1053 1462 1123 ἐφάπτονται·
1524 1056 1591 1109 τὰ
1644 1057 1748 1126 γὰρ
1805 1056 1865 1110 ἐν

172 1150 238 1212 τῇ
301 1144 348 1194 Β
369 1144 477 1194 ΓΔ
543 1148 644 1195 τοῦ
706 1143 890 1196 κώνου
962 1141 1253 1216 ἐπιφανείᾳ
1322 1153 1435 1197 τῶν
1498 1147 1864 1214 παραλλήλων

171 1230 393 1283 κύκλων
438 1232 687 1301 τμήματα
733 1231 895 1301 ὅμοιά
941 1230 1105 1285 ἐστιν.
1197 1233 1264 1286 τὰ
1318 1233 1423 1303 ἄρα
1478 1232 1538 1286 ἐν
1587 1240 1652 1303 τῇ
1699 1236 1811 1286 BA
1822 1235 1875 1286 Γ

171 1327 272 1372 τοῦ
303 1320 488 1373 κώνου
522 1318 814 1392 ἐπιφανείᾳ
838 1321 1176 1390 διαστήματα
1201 1319 1451 1392 ὁρώμενα
1478 1326 1570 1374 ἴσα
1594 1325 1864 1391 φαίνεται.

174 1406 288 1462 ἐπεὶ
327 1409 434 1480 γὰρ
470 1414 557 1478 ἴση
592 1408 759 1478 ἐστίν,
797 1409 868 1478 ἣν
906 1408 1257 1481 περιέχουσιν
1289 1411 1351 1464 αἱ
1380 1414 1497 1480 ΖΣ,
1532 1415 1651 1480 ΖΝ,
1691 1413 1865 1479 γωνία

170 1505 236 1567 τῇ
275 1496 635 1569 περιεχομένῃ
673 1499 782 1552 ὑπὸ
820 1508 933 1552 τῶν
973 1502 1114 1568 ΚΔ,
1148 1502 1280 1568 ΚΓ,
1329 1504 1452 1553 ἴσον
1497 1499 1568 1553 ἂν
1606 1503 1882 1570 φαίνοιτο

170 1589 233 1641 τὸ
263 1591 388 1640 ΣΝ
413 1587 683 1657 διάστημα
714 1595 816 1641 τοῦ
847 1589 1032 1641 κώνου
1064 1596 1140 1660 τῷ
1167 1591 1288 1641 ΛΓ
1318 1589 1656 1659 διαστήματι.
1720 1587 1861 1643 ὥσθ’

173 1676 313 1729 ὅπου
353 1675 423 1729 ἂν
461 1676 523 1729 τὸ
564 1675 710 1746 ὄμμα
749 1682 886 1748 τεθῇ
926 1675 1014 1730 ἐπὶ
1051 1685 1147 1746 τῆς
1183 1680 1293 1730 ΚΒ
1332 1677 1578 1747 εὐθείας,
1620 1683 1743 1732 ἴσον
1782 1676 1866 1732 ἀεὶ

171 1774 429 1835 φανεῖται
467 1765 529 1818 τὸ
570 1763 872 1836 ὁρώμενον.

967 1881 1074 1953 λγ’.

270 1985 426 2040 Ἴσον
458 1983 519 2040 δὲ
551 1985 634 2040 ἀεὶ
672 1994 772 2040 τοῦ
804 1986 1045 2057 ἴμματος
1079 1988 1185 2042 ἀπὸ
1215 1997 1315 2043 τοῦ
1346 1991 1530 2044 κώνου
1570 1989 1868 2061 ἀπέχοντος

176 2076 454 2147 μετεώρου
493 2072 594 2145 μὲν
632 2083 732 2129 τοῦ
772 2075 1013 2147 ὄμματος
1049 2076 1309 2142 τεθέντος
1347 2081 1580 2133 ἔλασσον
1611 2084 1866 2150 φαίνεται

176 2172 277 2218 τοῦ
315 2166 499 2219 κώνου
538 2166 600 2219 τὸ
640 2165 941 2237 ὁρώμενον,
979 2166 1369 2239 ταπεινοτέρου
1409 2165 1471 2222 δὲ
1507 2172 1705 2238 μεῖζον.

289 2257 425 2308 ἔστω
472 2255 577 2326 γὰρ
625 2255 811 2309 κώνου
855 2258 1076 2327 κορυφὴ
1122 2253 1222 2326 μὲν
1259 2258 1398 2328 πρὸς
1434 2265 1510 2330 τῷ
1551 2263 1606 2310 Δ
1644 2260 1874 2333 σημείῳ,

178 2342 339 2412 βοὲσις
369 2340 431 2396 δὲ
462 2343 491 2397 ὁ
525 2346 638 2396 ΒΓ
666 2345 882 2413 κύκλος,
920 2343 1012 2398 καὶ
1042 2347 1199 2415 ἤχθω
1232 2346 1265 2415 ἡ
1298 2349 1410 2399 ΚΘ
1438 2347 1587 2417 παρὰ
1617 2348 1719 2416 τὴν
1745 2350 1865 2416 ΒΔ,
1890 2399 1892 2403 .

1876 2449 1890 2495 ὁ

298 2494 338 2533 1.
378 2488 666 2547 ἐκεβλήσθω,
708 2504 848 2546 supra
881 2504 964 2535 scr.
990 2492 1047 2565 β,
1079 2491 1134 2535 V.
1287 2496 1327 2536 3.
1369 2490 1428 2535 τὰ
1461 2489 1682 2551 ἐπίπεδα]
1724 2497 1890 2550 supra*

181 2562 264 2592 scr.
297 2549 354 2605 V,
385 2561 542 2593 renou.
575 2564 635 2594 m.
668 2562 758 2594 ree.
896 2554 936 2595 5.
970 2549 1031 2595 ἀν
1085 2548 1130 2594 δ’
1160 2550 1221 2595 ἄν
1252 2550 1385 2607 va.
1532 2555 1571 2596 8.
1611 2553 1664 2610 Ζ]
1697 2555 1864 2609 postea.

179 2607 266 2652 ins.
298 2623 358 2652 m.
387 2613 409 2651 1
443 2607 499 2652 V.
650 2613 690 2653 9.
732 2608 881 2666 Supra
912 2625 1043 2666 παρα
1066 2612 1168 2667 (pr.)
1209 2610 1315 2655 add.
1348 2609 1452 2665 ἤτοι
1481 2609 1772 2668 παράλληλος
1802 2569 1889 2660 1113

179 2680 268 2711 rec.
301 2667 357 2712 V.
481 2667 629 2724 Supra
659 2666 789 2724 παρά
813 2668 930 2726 (alt.)
963 2669 1069 2714 add.
1102 2667 1392 2726 παράλληλος
1422 2685 1481 2716 m.
1515 2683 1603 2715 rec,
1637 2670 1691 2715 V.
1795 2675 1882 2716 10:

184 2727 298 2785 ΓΚ]
330 2725 381 2769 in
411 2741 500 2771 ras.
533 2726 589 2772 V.
719 2732 787 2772 13.
822 2728 916 2772 ἐστι
944 2743 990 2785 p.
1121 2734 1189 2773 16.
1223 2730 1346 2788 ΚΓ]
1379 2731 1487 2773 ΚΝ
1511 2744 1555 2785 p.
1679 2734 1748 2774 17.
1781 2727 1885 2847 τῷῖ·

182 2799 295 2830 corr.
330 2799 386 2829 ex
415 2786 466 2830 τό
498 2802 557 2831 m.
593 2791 615 2829 1
649 2787 703 2831 V.
843 2792 910 2832 18.
953 2787 1032 2846 ἄν]
1066 2801 1178 2833 corr.
1213 2801 1269 2832 ex
1302 2794 1332 2830 ἆ
1363 2803 1422 2833 m.
1457 2794 1483 2833 2
1515 2787 1569 2833 V.
1707 2793 1776 2834 25.
1817 2788 1841 2834 ὁ
1878 2798 1883 2802 ”

183 2844 207 2887 ὁ
240 2845 344 2901 περὶ
375 2845 460 2901 τήν
491 2846 545 2891 V.
