1904 3184
188 125 294 178 182
534 125 883 167 OPTICORUM
912 124 1208 168 RECENSIO
1239 125 1514 168 THEONIS.

184 249 376 315 KZB,
407 248 577 298 BAK
618 245 711 297 διὰ
751 245 813 297 τὸ
861 243 921 297 ἐν
958 243 1302 313 ἡμικυκλίοις
1340 239 1482 297 εἶναι
1519 243 1611 298 καὶ
1650 244 1708 298 ἐκ
1745 244 1865 298 κέν-

183 353 320 405 τρου
373 335 470 396 τὰς
515 337 648 402 ΚΖ,
687 336 826 402 ΚΛ,
878 331 1010 387 καθ’
1054 334 1116 387 ἓν
1170 343 1395 403 σημεῖον
1449 333 1756 404 έφάψονται
1810 338 1871 388 αἱ

184 426 312 492 ΒΛ,
352 426 456 475 ΒΖ
509 430 606 491 τῆς
651 425 909 493 σφαίρας·
972 424 1035 475 αἱ
1075 424 1182 494 ἄρα
1229 422 1333 476 ἀπὸ
1379 430 1479 476 τοῦ
1526 426 1573 476 Β
1628 425 1868 493 ὄμματος

183 514 627 582 προσπίπτουσαι
674 511 887 574 ἀκτῖνες
931 512 1069 564 κατὰ
1114 512 1210 574 τὰς
1248 515 1377 580 ΒΖ,
1407 515 1511 564 ΒΛ
1555 521 1866 567 πεσοῦνται.

125 614 151 654 5
183 599 275 653 καὶ
321 599 437 654 ε’πεὶ
482 598 678 669 ἑκάστη
728 610 840 654 τῶν
883 602 1022 671 πρὸς
1065 609 1140 673 τῷ
1193 604 1240 654 Θ
1289 611 1509 669 γωνιῶν
1556 601 1702 672 ὀρθή
1753 602 1866 656 ε’στι

185 691 278 742 διὰ
315 691 378 743 τὸ
416 690 771 760 παράλληλον
815 685 958 743 εἶναι
1002 691 1105 759 τὴν
1144 692 1246 743 ΓΔ
1289 699 1355 761 τῇ
1398 694 1528 759 ZA,
1573 690 1664 743 καὶ
1704 696 1794 761 ἴση
1832 692 1866 761 ἡ

185 782 293 831 ΖΘ
338 787 404 849 τῇ
446 782 570 847 ΘΛ,
618 777 715 832 ἐὰν
753 779 821 848 δὴ
861 780 1130 849 μενούσης
1166 787 1262 848 τῆς
1304 783 1405 832 ΘΒ
1452 780 1513 833 τὸ
1558 783 1718 833 ΘΖΒ
1759 784 1869 851 τρί-

183 886 367 935 γωνον
404 865 758 938 περιενεχθὲν
804 870 883 931 εἰς
920 869 981 922 τὸ
1029 868 1162 922 αὐτὸ
1212 869 1382 922 πάλιν
1424 868 1866 941 ἀποκατασταθῇ,

184 956 322 1010 ὅθεν
359 955 558 1027 ἤρξατο
591 955 879 1028 φέρεσθαι,
915 957 951 1025 ἥ
985 976 1043 1010 τε
1073 960 1178 1010 ΒΖ
1214 956 1616 1028 περιφερομένη
1647 956 1779 1011 καθ’
1807 959 1867 1012 ἓν

96 1060 151 1102 10
184 1044 452 1115 ἐφάψεται
505 1053 601 1115 τῆς
647 1052 943 1116 σφαιρικῆς
989 1043 1310 1114 ἐπιφανείας
1361 1047 1498 1099 κατὰ
1543 1047 1605 1100 τὸ
1653 1050 1723 1116 Ζ,
1776 1046 1866 1100 καὶ
1902 1097 1904 1103 ,

182 1135 385 1197 κύκλος
416 1136 566 1187 ἔσται
596 1133 969 1205 γεγραμμένος
1000 1135 1093 1187 διὰ
1116 1143 1228 1187 τῶν
1253 1138 1316 1203 Ζ,
1340 1137 1392 1187 Λ
1424 1137 1679 1204 σημείων.
1730 1136 1866 1189 ὥστε
1899 1165 1904 1212 .'

182 1223 291 1276 ὑπὸ
337 1224 542 1276 κύκλου
590 1222 660 1275 ἂν
697 1222 1001 1293 περιέχοιτο
1046 1224 1109 1276 τὸ
1149 1223 1432 1293 ὁρώμενον
1478 1231 1574 1292 τῆς
1612 1227 1866 1295 σφαίρας,
1898 1248 1904 1283 1

184 1313 214 1366 ὅ
252 1332 313 1380 γε
360 1314 585 1366 ἔλαττόν
624 1311 774 1365 ε’στιν
819 1311 1211 1383 ἡμισφαιρίου·
1258 1313 1319 1365 τὸ
1352 1313 1456 1382 γὰρ
1499 1316 1605 1365 ΖΛ
1644 1305 1904 1394 ἔλαττόνὲ

184 1400 334 1455 ἐστιν
378 1401 720 1472 ἡμικυκλίου.
796 1402 934 1455 ὥστε
979 1400 1072 1455 καὶ
1116 1402 1178 1455 τὸ
1218 1401 1326 1455 ὑπὸ
1364 1409 1461 1471 τῆς
1499 1404 1676 1465 ὄψεως
1716 1400 1904 1501 περι-ι’

94 1506 149 1546 15
181 1493 442 1561 εχόμενον
481 1493 707 1545 ἔλαττόν
746 1489 895 1544 ἐστιν
933 1490 1315 1561 ἡμισφαιρίου.
1892 1509 1904 1561 ς

975 1639 1043 1692 κδ
1052 1637 1081 1691 '.
1891 1620 1904 1689 ³⁹

302 1731 412 1780 Τοῦ
452 1730 691 1798 ὄμματος
728 1730 1056 1798 προσιόντος
1094 1729 1281 1795 ἔγγιον
1318 1735 1414 1796 τῆς
1445 1731 1685 1798 σφαίρας
1717 1725 1904 1792 ἔλατ-

181 1835 280 1869 τον
319 1819 468 1870 ἔσται
506 1818 567 1870 τὸ
608 1817 912 1886 ὁρώμενον,
952 1816 1098 1881 δόξει
1137 1813 1197 1869 δὲ
1236 1819 1418 1886 μεῖζον
1456 1816 1711 1887 ὁρᾶσθαι.
1894 1814 1898 1820 ’

296 1908 432 1959 ἔστω
471 1907 575 1976 γὰρ
616 1915 843 1976 σφαῖρα,
881 1902 946 1975 ἧς
984 1905 1215 1976 κέντρον
1254 1908 1389 1959 ἔστω
1429 1907 1491 1960 τὸ
1524 1909 1592 1975 Κ,
1631 1905 1721 1959 καὶ
1761 1906 1866 1960 ἀπὸ

95 2010 152 2050 20
184 2002 283 2048 τοῦ
322 1999 376 2047 Δ
415 1996 653 2064 ὄμματος
698 1993 1004 2063 ἐπεζεύχθω
1046 1993 1132 2048 ἐπὶ
1170 1996 1231 2048 τὸ
1266 1993 1496 2064 κέντρον
1534 1993 1567 2062 ἡ
1606 1998 1738 2063 ΔΚ,
1777 1993 1894 2048 καὶ·

185 2084 279 2137 διὰ
317 2090 416 2136 τοῦ
448 2086 506 2136 Κ
539 2084 677 2154 πρὸς
707 2083 885 2154 ὀρθὰς
921 2085 1077 2152 ἤχθω
1118 2083 1150 2152 ἡ
1190 2086 1311 2152 ΒΓ,
1350 2081 1476 2154 περὶ
1515 2080 1575 2136 δὲ
1612 2085 1714 2152 τὴν
1751 2085 1891 2149 AK'f

183 2174 384 2235 κύκλος
432 2172 760 2244 γεγράφθω,
820 2170 911 2225 καὶ
966 2171 1378 2242 ἐπεζεύχθωσαν
1432 2173 1493 2225 αἱ
1543 2176 1685 2240 ΔΝ,
1732 2158 1889 2241 NK,

183 2266 317 2331 AA,
350 2265 477 2315 ΛΚ.
555 2262 761 2315 οὐκοῦν
800 2260 969 2331 ὀρθαὶ
1008 2264 1226 2315 ἔσονται
1273 2263 1334 2314 αἱ
1366 2262 1504 2333 πρὸς
1542 2270 1658 2323 τοῖς
1696 2264 1771 2330 Λ,
1810 2261 1876 2314 Ν
1880 2259 1885 2263 ’

185 2354 383 2419 γωνίαι
430 2352 522 2404 διὰ
567 2352 628 2404 τὸ
677 2350 737 2404 ἐν
775 2351 1077 2423 ἡμικυκλίῳ
1121 2346 1284 2403 εἶναι·
1338 2348 1469 2403 καθ’
1512 2350 1573 2402 ἓν
1619 2351 1725 2420 ἄρα
1772 2349 1868 2419 ε’φ-

304 2517 343 2557 5.
388 2513 446 2571 Θ]
488 2526 512 2556 e
545 2525 656 2556 corr.
690 2526 749 2555 m.
785 2517 808 2554 1
842 2526 883 2556 v.
1038 2515 1076 2556 8.
1119 2511 1184 2562 εἰς
1214 2510 1284 2569 τό]
1327 2510 1391 2561 εἰς
1422 2525 1462 2554 v.
1595 2514 1633 2554 9.
1677 2507 1778 2568 φέ-]
1811 2509 1862 2553 in

184 2586 273 2616 ras.
304 2571 360 2616 V.
491 2571 605 2615 Post
637 2569 687 2616 ἔν
718 2571 824 2615 add.
858 2578 1048 2628 σημεῖον
1079 2585 1110 2627 p
1143 2573 1190 2614 eb
1220 2586 1280 2615 m.
1316 2583 1403 2613 rec.
1437 2569 1491 2613 V.
1631 2573 1699 2613 13.
1734 2568 1759 2613 δ’
1790 2569 1864 2672 ys}

184 2633 298 2676 mut.
330 2630 381 2674 in
411 2628 492 2675 καί
522 2646 582 2675 m.
614 2643 702 2674 ree.
728 2630 782 2675 V.
885 2630 1025 2689 ἐστιν]
1058 2632 1171 2675 muta.
1205 2629 1255 2672 in
1287 2628 1413 2673 ἔσται
1443 2644 1501 2673 m.
1535 2641 1623 2672 rec.
1656 2628 1710 2673 V.
1812 2644 1838 2671 τ

186 2717 242 2722 -
283 2694 352 2735 15.
399 2687 733 2748 ἡμισφαιρίου]
780 2691 894 2734 mut.
935 2689 985 2732 in
1022 2689 1051 2746 ἡ
1091 2688 1179 2746 γὰρ
1220 2692 1304 2733 ZA
1342 2686 1587 2743 διάμετρος
1626 2684 1743 2731 οὖσα
1781 2692 1865 2731 τοῦ

185 2749 356 2794 κύκλου
387 2756 469 2794 τοῦ
502 2751 795 2805 διαιροῦντος
833 2749 884 2793 τὸ
918 2748 1153 2805 ὁρώμενον
1191 2755 1272 2805 τῆς
1304 2745 1506 2804 σφαίρας
1543 2745 1740 2791 ἐλάττων
1773 2745 1867 2790 ἐστὶ

185 2815 266 2865 τῆς
295 2813 338 2853 Δ
350 2812 394 2852 Γ
426 2806 674 2865 διαμέτρου
708 2808 846 2866 οὔσης
876 2815 958 2865 τῆς
987 2806 1190 2863 σφαίρας
1227 2822 1287 2852 m.
1320 2819 1409 2851 rec.
1444 2806 1498 2850 V.
1652 2810 1719 2850 13.
1762 2804 1865 2982 ZA}

190 2870 291 2910 ZN
315 2868 377 2924 V,
420 2870 474 2911 N
500 2882 638 2924 supra
670 2882 753 2912 scr.
786 2883 845 2912 m.
880 2873 905 2911 2
937 2882 980 2924 p.
1121 2872 1187 2910 14.
1223 2866 1316 2910 ἐστι
1345 2880 1389 2922 p.
1511 2864 1844 2922 περιεχόμενον

187 2926 423 2982 ὁρώμενον
455 2942 485 2971 v
516 2929 563 2972 et
594 2941 732 2984 supra
765 2927 871 2971 add.
897 2941 956 2971 m.
986 2931 1008 2969 1
1040 2941 1083 2986 p.
1178 2930 1245 2970 17.
1282 2924 1459 2982 ἔγγειον
1483 2924 1536 2968 V.
1630 2929 1699 2967 22.
1733 2925 1838 2968 AN
