1904 3184
123 1118 179 1158 10

124 1563 178 1603 15

122 2009 179 2049 20

1894 2 1904 37 1

214 67 325 120 294
867 70 1252 113 οΑΤοΡΤΒΙοΑ.
1899 65 1904 91 ¹

211 196 509 242 πεσοῦνται
549 187 637 242 ἐπὶ
675 189 741 242 τὰ
772 192 838 257 Ε,
869 193 938 242 Δ.
1001 189 1306 259 ἐπεζεύχθω
1346 190 1452 260 γὰρ
1485 189 1518 258 ἡ
1550 192 1666 242 ΗΖ
1704 158 1904 246 εὐθεῖαὲ

200 276 303 331 καὶ
343 278 696 347 ἐκβεβλήσθω
737 275 824 347 ἐφ’
862 275 1100 349 ἑκάτερα.
1186 276 1301 332 ἐπεὶ
1341 283 1430 346 ἴση
1472 276 1621 331 ἐστὶν
1666 278 1699 347 ἡ
1739 281 1815 347 Κ,
1851 282 1904 332 Θί

210 373 276 437 τῇ
323 369 375 419 Λ
430 367 523 419 διὰ
568 368 630 420 τὸ
678 366 739 419 ἐν
788 372 932 429 ἴσαις
982 367 1330 421 ἀνακλᾶσθαι
1384 369 1636 435 γωνίαις,
1690 372 1771 435 εἴη
1828 366 1904 420 ἂν·

210 458 407 524 μείζων
444 454 477 523 ἡ
519 458 587 524 A,
610 459 685 508 Μ
714 463 810 524 τῆς
840 459 905 509 Κ.
966 455 999 524 ἡ
1041 452 1102 509 δὲ
1132 459 1190 509 Κ
1222 463 1318 525 τῆς
1348 459 1423 524 Ν,
1448 455 1498 516 Ξ
1533 455 1645 509 ε’στι
1684 458 1904 525 μείζων,

210 543 244 613 ἡ
286 542 347 598 δὲ
385 548 459 612 Ν,
492 543 542 605 Ξ
575 551 671 620 τῆς
712 549 775 614 0,
807 549 872 598 Π
902 547 1120 614 μείζων·
1173 545 1311 613 αὐτὴ
1350 546 1455 615 γὰρ
1494 544 1528 613 ἡ
1569 544 1619 605 Ξ
1654 549 1743 613 ἴση
1783 541 1904 597 ἐστὶ

210 641 275 704 τῇ
319 637 382 701 Ο,
415 637 496 686 Π·
536 636 733 702 μείζων
771 634 878 703 ἄρα
917 634 950 702 ἡ
991 637 1058 703 A,
1089 638 1164 688 Μ
1193 642 1289 703 τῆς
1331 638 1394 701 Ο,
1427 637 1498 686 Π.
1566 637 1752 705 πολλῷ
1792 634 1904 703 ἄρα,

210 722 243 791 ἡ
284 725 358 791 Λ,
390 726 463 776 Μ
501 730 596 791 τῆς
637 726 684 776 Ο
721 725 918 792 μείζων
957 722 1122 776 ε’στίν.
1200 723 1301 776 οὐκ
1340 723 1446 793 ἄρα
1486 729 1895 791 συμπεσοῦνται

211 812 272 864 αἱ
310 815 428 879 ΖΔ,
460 814 580 864 ΗΕ
616 811 831 865 εὐθεῖαι
870 809 1002 865 οὐδὲ
1040 812 1387 882 παράλληλοί
1421 813 1577 865 εἰσιν.

1025 1024 1050 1057 ε
1077 1046 1088 1057 .

319 1106 409 1161 Ἐν
455 1117 571 1171 τοῖς
615 1110 823 1171 κοίλοις
870 1107 1156 1178 ἐνόπτροις
1202 1107 1298 1162 ἐὰν
1345 1107 1378 1176 ἢ
1427 1107 1514 1162 ε’πὶ
1559 1108 1620 1161 τὸ
1668 1106 1904 1178 κέντρον-

209 1196 242 1266 ἢ
283 1195 370 1250 ἐπὶ
407 1205 504 1266 τῆς
541 1200 892 1268 περιφερείας
930 1196 963 1265 ἢ
996 1196 1149 1259 ἐκτὸς
1187 1204 1282 1266 τῆς
1312 1199 1664 1268 περιφερείας
1695 1202 1803 1267 θῇς
1833 1197 1904 1250 τὸι

209 1287 372 1356 ὄμμα,
403 1286 650 1340 τουτέστι
675 1286 874 1357 μεταξὺ
906 1294 1006 1339 τοῦ
1030 1285 1262 1356 κέντρου
1294 1284 1386 1339 καὶ
1411 1294 1506 1355 τῆς
1529 1287 1904 1357 περιφερειἀς,’ἓ

209 1376 270 1428 αἱ
304 1377 458 1439 ὄψεις
497 1374 877 1445 ἀνακλώμεναι
916 1382 1338 1445 συμπεσοῦνται.

320 1467 455 1518 ἔστω
511 1468 700 1518 κοῖλον
751 1467 1020 1534 ἔνοπτρον
1067 1465 1127 1517 τὸ
1175 1469 1228 1517 A
1241 1467 1365 1532 ΓΔ,
1420 1463 1651 1535 κέντρον
1698 1461 1757 1517 δὲ
1804 1469 1904 1534 τῆς

212 1556 451 1625 σφαίρας
488 1555 549 1607 τὸ
589 1557 662 1622 Β,
715 1552 806 1607 καὶ
851 1556 1058 1607 κείσθω
1106 1554 1167 1607 τὸ
1215 1555 1360 1623 ὄμμα
1408 1552 1495 1607 ε’πὶ
1541 1561 1640 1606 τοῦ
1679 1556 1752 1621 Β,
1805 1550 1899 1607 καὶ

207 1642 700 1713 προσπιπτέτωσαν
733 1642 838 1696 ἀπὸ
863 1649 963 1695 τοῦ
988 1645 1035 1694 Β
1068 1643 1222 1706 ὄψεις
1251 1642 1390 1712 πρὸς
1414 1643 1515 1711 τὴν
1540 1641 1904 1719 περιφέρειαν-

209 1733 271 1784 αἰ
306 1735 433 1801 ΒΑ,
472 1734 602 1800 ΒΓ,
641 1735 762 1784 ΒΔ.
847 1736 961 1784 ἴσαι
1008 1732 1115 1802 ἄρα
1164 1728 1306 1784 εἰσὶν
1353 1731 1414 1783 αἱ
1455 1731 1594 1800 πρὸς
1640 1739 1756 1793 τοῖς
1802 1745 1899 1807 σηή

207 1823 383 1890 μειόις
419 1830 536 1884 τοῖς
569 1826 638 1889 A,
664 1826 736 1889 A,
764 1822 817 1873 Γ
845 1822 1063 1888 γωνίαι·
1105 1819 1434 1889 ἡμικυκλίου
1475 1819 1580 1891 γάρ
1621 1821 1774 1873 εἰσιν.
1837 1801 1904 1876 oct?

209 1910 316 1980 ἄρα
363 1911 517 1975 ὄψεις
569 1909 948 1978 ἀνακλώμεναι
996 1907 1071 1961 δι’
1116 1907 1328 1962 ἑαυτῶν
1378 1908 1904 2018 ἀνακλασθήσονταιὶ

213 2000 275 2052 αἱ
317 2002 444 2068 BA,
483 2000 611 2067 ΒΓ,
651 2001 778 2051 ΒΛ·
834 2005 997 2051 τοῦτο
1045 1998 1149 2068 γὰρ
1198 1995 1483 2050 δέδεικται.
1576 1998 1713 2051 ὥστε
1760 2011 1904 2098 συμῖ

208 2095 507 2141 πεσοῦνται
545 2088 681 2141 κατὰ
720 2088 781 2140 τὸ
822 2091 884 2140 Β.
1894 2115 1904 2142 ι.

321 2179 458 2230 ἔστω
490 2177 658 2230 πάλιν
680 2181 869 2230 κοῖλον
895 2179 1163 2247 ἔνοπτρον
1187 2177 1248 2229 τὸ
1273 2178 1457 2245 ΑΓΒ,
1489 2177 1634 2245 ὄμμα
1659 2174 1719 2229 δὲ
1743 2177 1803 2229 τὸ
1829 2151 1899 2255 13ss

332 2402 371 2441 1.
406 2400 455 2440 Η
464 2397 524 2455 Ζ]
562 2399 596 2440 Z
627 2396 687 2439 M.
818 2401 857 2441 2.
890 2397 1002 2440 Post
1034 2394 1229 2451 ἑκάτερα
1270 2394 1376 2440 add.
1410 2393 1530 2440 κατὰ
1560 2393 1618 2439 τὰ
1653 2397 1706 2451 Θ,
1733 2399 1777 2439 Κ
1813 2334 1901 2455 στι-ἐ4

210 2464 316 2514 μεῖα
348 2454 429 2501 καί
459 2471 519 2512 m,
551 2471 611 2501 m.
636 2470 724 2500 rec.
751 2456 805 2500 V.
905 2456 1018 2499 Post
1050 2454 1123 2511 ἴση
1156 2469 1245 2499 ras.
1282 2459 1304 2498 1
1338 2453 1430 2499 htt.
1462 2454 1517 2499 V.
1619 2458 1665 2498 K
1686 2481 1740 2486 —-
1767 2459 1805 2499 3.
1832 2443 1897 2621 ἓ

209 2514 295 2572 μὲν
327 2515 418 2560 ὑπὸ
452 2517 588 2561 ΒΖΘ
627 2512 774 2572 γωνία
806 2517 910 2572 (om.
938 2514 994 2571 V)
1033 2521 1087 2573 τῇ
1127 2514 1218 2559 ὑπὸ
1251 2517 1415 2568 AZK,
1460 2513 1490 2570 ἡ
1532 2510 1582 2557 δὲ
1622 2514 1713 2558 ὑπὸ
1748 2516 1843 2558 ΒΗ

207 2583 264 2634 τῇ
296 2575 387 2619 ὑπὸ
420 2577 573 2619 ΕΗΚ
599 2589 666 2631 m,
706 2590 764 2619 m.
798 2588 886 2618 rec.
920 2574 975 2618 V.
1128 2578 1168 2619 3.
1202 2572 1272 2630 εἴη
1311 2599 1360 2606 -
1397 2577 1434 2617 7.
1469 2570 1590 2617 ἐστίν
1644 2570 1808 2629 μείζων

209 2634 238 2691 ἡ
271 2634 362 2678 ὑπὸ
390 2636 525 2679 ΒΖΘ
557 2632 702 2691 γωνία
732 2641 812 2690 τῆς
843 2634 935 2678 ὑπὸ
960 2635 1114 2689 (ΒΖΘ
1132 2631 1296 2676 -ὑπό
1319 2633 1485 2689 postea
1509 2631 1570 2675 ad
1608 2668 1616 2676 .
1641 2635 1705 2690 m)
1732 2635 1830 2676 BH

211 2692 281 2750 εἴη
315 2692 375 2738 ἂν
406 2694 487 2738 καὶ
520 2693 546 2750 ἡ
578 2694 668 2738 ὑπὸ
702 2697 847 2738 ΑΖΚ
883 2690 1046 2749 μείζων
1084 2699 1166 2749 τῆς
1196 2691 1287 2736 ὑπὸ
1322 2694 1472 2736 ΕΗΚ
1506 2706 1574 2747 m,
1622 2707 1682 2736 m.
1714 2705 1804 2735 rec.
1876 2695 1892 2743 3

270 2758 311 2796 4.
345 2753 467 2798 ἐστιν
498 2767 540 2798 v.
663 2757 703 2797 5.
737 2755 891 2809 μεῖζον
922 2767 964 2808 v,
998 2766 1111 2796 corr.
1144 2767 1204 2795 m.
1239 2757 1278 2796 2.
1372 2747 1493 2795 ἐστίν
1525 2750 1617 2795 Vv.
1722 2756 1760 2795 6.
1795 2746 1892 2815 μείνξ

211 2813 323 2864 ζονα
353 2827 396 2869 v,
430 2826 543 2858 corr.
575 2827 636 2856 m.
670 2817 709 2857 2.
831 2815 872 2856 8.
910 2813 1013 2870 ΖΔ]
1047 2814 1136 2856 ΔΖ
1166 2826 1226 2854 m.
1357 2814 1396 2854 9.
1431 2810 1494 2869 ε’]
1527 2810 1577 2867 η’
1603 2810 1696 2854 Vv.
1819 2813 1889 2857 1⁰¹.

203 2871 262 2916 τὸ
294 2869 506 2930 κέντρον]
546 2878 627 2916 τοῦ
660 2869 852 2928 κέντρου
891 2886 958 2928 m,
1007 2886 1066 2916 m.
1099 2883 1187 2914 rec.
1220 2870 1274 2914 V.
1429 2874 1496 2913 11.
1537 2870 1649 2928 θῇς]
1688 2872 1794 2920 θεῖς
1834 2866 1893 2940 V',
