1904 3184
206 80 315 134 262
911 81 1172 123 SCHOLIA
1886 0 1904 141 1

206 203 344 255 ὥστε
382 199 473 253 καὶ
513 198 761 269 ἐναλλάξ,
801 199 876 262 ὡς
913 201 1015 269 τὴν
1046 202 1158 252 ΒΓ
1187 200 1325 270 πρὸς
1355 199 1458 268 τὴν
1492 202 1611 267 ΘΖ,
1651 199 1752 267 τὴν
1786 140 1904 272 PK}

203 291 342 361 πρὸς
380 291 482 358 τὴν
523 292 644 342 ΖΚ.
721 287 842 342 ἀλλ’
886 289 960 351 ὡς
1004 288 1038 356 ἡ
1078 291 1190 341 ΒΓ
1226 289 1365 358 πρὸς
1409 289 1511 356 τὴν
1553 291 1679 355 ΘΖ,
1726 284 1816 339 καὶ
1856 273 1904 377 ἡῖ

203 383 315 432 ΔΖ
363 379 501 450 πρὸς
538 379 640 447 τὴν
683 382 808 431 ΘΖ·
866 382 956 446 ἴση
995 379 1100 448 γὰρ
1140 377 1173 445 ἡ
1215 381 1326 430 AZ
1372 385 1436 447 τῇ
1477 379 1594 429 ΒΓ.
1673 375 1747 438 ὡς
1785 325 1904 447 ἄρα]

208 468 241 537 ἡ
286 471 398 521 AZ
435 468 574 538 πρὸς
611 468 713 536 τὴν
754 470 880 536 ΘΖ,
920 466 1097 529 οὕτως
1133 465 1167 535 ἡ
1210 468 1320 518 ΓΚ
1352 466 1489 535 πρὸς
1526 466 1627 534 τὴν
1667 467 1788 517 ΚΖ.

149 584 174 623 5
319 572 404 623 26.
444 568 537 634 Ὡς
567 571 672 641 γὰρ
706 572 767 623 αἱ
794 573 1008 639 γωνίαι,
1041 568 1115 622 δι’
1146 565 1225 623 ὧν
1257 567 1494 639 ὁρῶνται
1527 569 1592 621 τὰ
1624 546 1904 638 ὁρώμεναζ

206 661 392 728 ἔχουσι
429 660 568 730 πρὸς
607 659 869 728 ἀλλήλας,
908 659 1086 722 οὕτως
1122 657 1214 711 καὶ
1252 659 1319 711 τὰ
1359 655 1610 728 ὁρώμενα
1649 658 1741 709 διὰ
1780 642 1904 709 τῶνὲ

205 757 426 816 γωνιῶν
462 749 601 819 πρὸς
639 750 846 817 ἄλληλα
885 750 1028 817 ἔχειν
1067 750 1378 817 φαίνονται.
1442 747 1516 810 ὡς
1554 747 1659 816 ἄρα
1695 723 1904 822 λοιπὸνξ

205 837 237 906 ἡ
286 841 398 890 ΣΡ
444 841 619 905 γωνία
665 840 772 907 ἕχει
818 838 957 909 πρὸς
1000 838 1102 907 τὴν
1153 841 1201 889 Ρ
1238 839 1473 904 γωνίαν,
1529 836 1703 898 οὕτως
1750 826 1904 903 ἐ’χεικ“

206 930 460 996 φαίνεται
499 925 590 979 καὶ
629 927 690 980 τὸ
730 931 784 979 A
797 931 841 979 Z
879 927 1017 997 πρὸς
1055 926 1116 979 τὸ
1157 927 1275 978 ΒΓ.
1338 925 1371 994 ἡ
1412 921 1472 978 δὲ
1512 927 1684 992 γωνία
1723 924 1756 993 ἡ
1789 927 1846 976 Σ

118 1027 172 1067 10
204 1016 342 1085 πρὸς
379 1017 480 1084 τὴν
513 1019 562 1068 Ρ
593 1019 802 1083 γωνίαν
842 1015 1103 1068 ἐλάττονα
1142 1016 1310 1082 λόγον
1349 1016 1456 1083 ἔχει
1497 1014 1632 1083 ἤπερ
1665 1013 1725 1066 τὸ
1760 1012 1864 1066 ἀπό

206 1118 382 1174 στημα
420 1105 482 1157 τὸ
522 1107 639 1158 ΚΓ
667 1106 806 1175 πρὸς
843 1105 904 1157 τὸ
946 1107 1069 1156 ΚΖ.
1136 1101 1226 1156 καὶ
1264 1104 1326 1156 τὸ
1359 1106 1470 1155 AZ
1510 1103 1616 1173 ἄρα
1654 1102 1791 1172 πρὸς
1830 1121 1859 1154 τ

206 1196 318 1247 ΒΓ
350 1195 675 1265 μικρότερον
714 1196 969 1263 φαίνεται
1008 1193 1155 1261 παρὰ
1194 1192 1255 1244 τὸ
1296 1193 1412 1244 ΚΓ
1440 1191 1578 1261 πρὸς
1617 1191 1677 1243 τὸ
1717 1193 1839 1242 ΚΖ.

863 1355 949 1409 Ad
987 1374 1137 1426 prop.
1177 1355 1242 1408 X.

318 1462 404 1514 27.
451 1459 652 1530 ”Ηχθω
701 1460 805 1530 γὰρ
854 1460 947 1513 διὰ
986 1467 1084 1512 τοῦ
1123 1462 1190 1512 Η
1229 1461 1456 1528 σημείου
1495 1465 1560 1527 τῇ
1601 1459 1714 1510 ΒΚ
1755 1473 1863 1526 παρ

119 1561 172 1603 15
206 1548 440 1619 άλληλος
477 1549 510 1618 ἡ
543 1553 672 1602 ΗΕ.
737 1547 851 1602 ἐπεὶ
891 1545 995 1603 οὖν
1033 1549 1095 1601 αί
1130 1547 1285 1613 ὄψεις
1314 1549 1585 1618 πρότερον
1623 1546 1760 1614 πρὸς
1791 1545 1855 1613 τὴ

204 1642 324 1692 ΗΕ
372 1641 813 1710 προσπίπτουσιν
866 1638 1003 1691 κατα
1056 1638 1122 1690 τα
1167 1640 1249 1706 Η,
1284 1640 1358 1705 Λ,
1390 1639 1463 1688 Μ
1509 1644 1702 1704 σημεῖα
1755 1617 1904 1702 &jud

203 1728 341 1797 πρὸς
379 1729 481 1797 τὴν
512 1730 637 1795 ΚΓ,
676 1730 773 1780 καί
808 1726 922 1781 ἐστι
960 1728 1361 1797 μετεωρότερον
1399 1725 1460 1778 τὸ
1493 1727 1558 1776 Η
1590 1729 1689 1776 τοῦ
1722 1725 1791 1791 Λ,
1829 1720 1904 1792 τᾶ

206 1813 266 1869 δὲ
314 1820 366 1869 A
418 1823 518 1870 τοῦ
565 1820 653 1885 Μ,
707 1814 798 1869 καὶ
846 1816 938 1869 διὰ
984 1812 1085 1885 μὲν
1131 1822 1230 1868 τοῦ
1269 1818 1335 1867 Η
1374 1815 1600 1883 σημείου
1646 1810 1680 1880 ἡ
1721 1808 1901 1884 ΒΗΠ

206 1903 429 1976 φέρεται
470 1905 644 1974 ἀκτίς,
692 1905 785 1958 διὰ
824 1902 885 1958 δὲ
923 1912 1022 1957 τοῦ
1063 1908 1115 1957 A
1152 1903 1186 1972 ἡ
1225 1907 1409 1972 ΒΛΖ,
1457 1902 1549 1955 διὰ
1589 1898 1650 1954 δὲ
1688 1907 1787 1953 τοῦ
1827 1891 1900 1966 Μ

121 2007 177 2048 20
208 1994 241 2062 ἡ
281 1997 491 2063 ΒΜΔ,
538 1991 907 2064 μετεωροτέρα
945 1992 978 2062 ἡ
1017 1989 1118 2062 μὲν
1159 1994 1269 2045 ΒΓ
1302 1999 1399 2060 τῆς
1437 1994 1567 2059 ΒΖ,
1614 1989 1647 2059 ἡ
1687 1985 1747 2041 δε
1788 1979 1899 2053 133

209 2090 304 2151 τῆς
342 2086 462 2135 ΒΔ.
1874 2059 1898 2164 {⁸

322 2188 406 2240 28.
471 2187 550 2240 Τὸ
599 2185 641 2239 ι’
683 2186 743 2239 έν
789 2188 935 2258 ἄλλῳ
985 2186 1181 2248 οὕτως·
1237 2187 1373 2238 ἔστω
1414 2184 1519 2254 γὰρ
1561 2183 1706 2252 ὄμμα
1744 2181 1805 2234 τὸ
1843 2165 1898 2274 4

209 2276 323 2328 ἄνω
356 2282 456 2328 τοῦ
484 2277 593 2328 ΓΚ
627 2273 886 2328 ἐπιπέδου
918 2277 1188 2344 κείμενον,
1226 2271 1324 2342 ἀφ’
1353 2268 1421 2326 οὗ
1454 2271 1694 2341 ὄμματος
1723 2281 1884 2341 προσῖ

207 2362 555 2417 πιπτέτωσαν
593 2362 807 2426 ἀκτῖνες
846 2364 907 2416 αἰ
942 2365 1062 2430 ΒΓ,
1094 2366 1221 2430 ΒΔ,
1253 2364 1382 2429 ΒΖ,
1417 2363 1547 2428 ΒΚ,
1592 2355 1671 2412 ὧν
1708 2358 1742 2427 ἡ
1783 2362 1830 2411 Β
1875 2340 1880 2350 ’

123 2466 179 2506 25
211 2453 446 2516 κάθετος
484 2455 620 2506 ἔστω
662 2450 747 2505 ἐπὶ
786 2453 847 2505 τὸ
879 2451 1242 2520 ὑποκείμενον
1278 2449 1550 2503 ἐπίπεδον.
1612 2446 1769 2516 λέγω,
1809 2447 1838 2500 6
1888 2504 1891 2506 Α

210 2543 271 2594 τὸ
320 2544 421 2594 ΓΔ
473 2548 572 2593 τοῦ
618 2545 673 2593 A
685 2544 729 2592 Z
782 2541 1182 2610 μετεωρότερον
1232 2540 1511 2608 φαίνεται,
1565 2538 1626 2590 τὸ
1675 2533 1735 2589 δὲ
1780 2534 1891 2608 AZ

330 2694 399 2733 26.
432 2687 617 2733 MVat.¹
630 2686 802 2743 RuOE).
926 2689 996 2729 27.
1028 2684 1185 2729 VVat
1197 2686 1272 2740 (q)
1395 2686 1465 2727 28.
1499 2697 1541 2738 q.

333 2827 370 2866 7.
402 2819 698 2895 λοιπόν]λόγ
701 2835 755 2864 ον
785 2818 931 2864 Vatst.
1068 2822 1107 2863 9.
1140 2817 1316 2875 ἧφι-Π
1350 2815 1391 2860 εἰ
1421 2816 1564 2861 Vahl.
1717 2819 1783 2859 1.Ο
1821 2816 1858 2857 P

214 2885 257 2926 Ο
286 2896 329 2926 u.
421 2880 560 2939 ἥπερ]
595 2878 722 2935 εἴπερ
753 2877 895 2922 Vat.¹.
1008 2881 1074 2921 12.
1108 2878 1217 2935 KZ]
1250 2879 1340 2920 AZ
1370 2890 1412 2919 u.
1523 2879 1591 2919 15.
1623 2873 1728 2932 τήν]
1764 2874 1800 2932 --s
