1904 3184
143 611 169 649 5

196 78 306 132 216
547 78 901 122 OPTICORUM
929 77 1228 121 REGENSIO
1259 76 1536 120 THEoms.

989 226 1094 296 λη’.

306 329 434 384 Ἐὰν
471 330 706 401 μέγεθός
735 351 789 385 τι
826 333 965 403 πρὸς
1003 331 1180 402 ὀρθὰς
1217 326 1252 402 ᾗ
1290 338 1366 403 τῷ
1402 328 1742 402 ὑποκειμένῳ
1776 329 1884 383 ε’πι-

198 419 345 494 πέδῳ
385 419 686 492 μετέωρον,
733 426 871 492 τεθῇ
912 418 974 474 δὲ
1012 422 1073 474 τὸ
1114 422 1260 490 ὄμμα
1307 419 1401 473 ἐπί
1434 439 1487 472 τι
1526 428 1752 488 σημεῖον
1790 425 1884 472 τοῦ

202 509 480 579 ἐπιπέδου,
509 509 602 563 καὶ
633 515 959 580 μεθιστῆται
991 511 1052 563 τὸ
1078 509 1360 580 ὁρώμενον
1392 507 1480 562 ἐπὶ
1509 508 1715 561 κύκλου
1740 526 1885 578 περι-

202 602 440 671 φερειάς,
482 603 604 653 ἴσον
643 598 727 653 ἀεὶ
765 600 827 653 τὸ
867 599 1150 670 ὁρώμενον
1189 597 1513 667 ὀφθήσεται.

313 691 448 742 ἔστω
504 687 786 759 ὁρώμενόν
832 708 885 742 τι
938 686 1173 758 μέγεθος
1218 688 1279 740 τὸ
1327 690 1437 740 AB
1491 688 1888 756 μετεωρότερον

202 785 302 831 τοῦ
343 775 628 847 ἐπιπέδου,
675 780 821 848 ὄμμα
867 774 929 830 δὲ
975 779 1111 831 ἔστω
1160 777 1221 830 τὸ
1265 779 1332 844 Γ,
1379 774 1472 829 καὶ
1512 775 1810 844 ἐπεζεύχθω
1851 773 1885 842 ἡ

203 869 331 935 ΓΒ,
369 864 463 919 καὶ
499 865 707 939 κέντρῳ
747 873 823 938 τῷ
865 868 933 934 Γ,
973 866 1298 934 διαστήματι
1337 862 1397 918 δὲ
1436 872 1511 937 τῷ
1553 866 1654 916 ΓΒ
1694 865 1890 926 κύκλος

201 955 505 1026 γεγράφθω
546 955 574 1009 ὁ
614 959 735 1008 ΒΔ.
804 953 969 1023 λέγω,
1009 955 1111 1023 ὅτι,
1151 953 1246 1007 ἐὰν
1287 952 1375 1007 ἐπὶ
1413 961 1510 1022 τῆς
1546 960 1646 1006 τοῦ
1684 953 1904 1005 κύκλου-

118 1056 174 1095 10
205 1046 558 1115 περιφερείας
603 1049 926 1114 μεθιστῆται
973 1044 1034 1096 τὸ
1075 1047 1211 1111 ΑΒ,
1258 1042 1364 1095 ἀπὸ
1412 1050 1511 1095 τοῦ
1560 1044 1614 1095 Γ
1653 1043 1904 1111 ὄμματος.

118 1501 173 1540 15

118 2019 176 2060 20

205 1138 330 1187 ἴσον
370 1131 454 1186 ἀεὶ
493 1133 816 1202 ὀφθήσεται.
895 1130 1008 1186 ἐπεὶ
1048 1132 1153 1202 γὰρ
1195 1130 1228 1200 ἡ
1270 1137 1323 1184 Α
1333 1135 1380 1184 Β
1428 1129 1577 1184 ἐστιν
1616 1129 1757 1201 ὀρθὴ
1797 1127 1904 1182 καὶ·

205 1231 356 1276 ποιεῖ
388 1223 528 1293 πρὸς
565 1223 666 1292 τὴν
706 1224 818 1274 ΒΓ
849 1221 1030 1292 ὀρθὴν
1069 1223 1297 1289 γωνίαν,
1335 1227 1505 1273 πᾶσαι
1545 1221 1650 1289 ἄρα
1690 1219 1747 1272 αἰ
1782 1217 1904 1291 ἀπὸξ

203 1319 304 1365 τοῦ
328 1309 559 1382 κέντρου
585 1317 684 1363 τοῦ
711 1311 764 1362 Γ
791 1310 928 1380 πρὸς
958 1310 1020 1362 τὸ
1045 1312 1155 1362 ΑΒ
1187 1308 1422 1378 μέγεθος
1452 1294 1904 1378 προσπίπτουσαι]

206 1400 467 1470 ἀλλήλαις
500 1405 621 1462 ἴσας
652 1400 858 1467 γωνίας
887 1398 1161 1451 ποιοῦσιν.
1225 1402 1348 1451 ἴσον
1379 1397 1486 1466 ἄρα
1517 1396 1578 1449 τὸ
1612 1385 1904 1467 ὁρώμενονὲ

207 1489 532 1560 ὀφθήσεται.
595 1488 798 1558 ὁμοίως
837 1483 897 1540 δὲ
936 1486 1040 1540 κᾶν
1080 1486 1185 1540 ἀπὸ
1225 1493 1324 1539 τοῦ
1352 1489 1405 1539 Γ
1433 1485 1667 1556 κέντρου
1693 1484 1892 1555 μετέω-

205 1599 302 1650 ρος
354 1578 502 1649 ἀχθῇ
550 1577 767 1646 εὐθεῖα,
821 1574 913 1630 καὶ
960 1574 1044 1629 ἐπ’
1088 1575 1257 1645 αὐτῆς
1310 1576 1371 1628 τὸ
1423 1577 1568 1644 ὄμμα
1614 1579 1746 1645 τεθῇ
1803 1572 1893 1643 έπΙ

205 1668 560 1738 παραλλήλου
601 1666 668 1720 ὂν
706 1674 781 1739 τῷ
823 1663 1083 1738 ὁρωμένῳ
1123 1663 1370 1734 μεγέθει,
1413 1662 1506 1716 καὶ
1545 1670 1867 1733 μετακινῆτα

206 1758 268 1810 τὸ
307 1755 567 1826 μέγεθος,
609 1760 732 1808 ἴσον
771 1753 854 1808 ἀεὶ
893 1755 954 1807 τὸ
995 1754 1279 1825 ὁρώμενον
1318 1755 1588 1823 φαίνεται.

995 1915 1108 1970 λθ’.

315 2005 442 2060 Ἐὰν
480 2004 542 2060 δὲ
579 2008 641 2060 τὸ
674 2006 957 2078 ὁρώμενον
994 2007 1134 2076 πρὸς
1163 2005 1341 2075 ὀρθὰς
1379 1999 1414 2076 ᾗ
1444 2012 1520 2077 τῷ
1554 1986 1885 2076 ὑποκειμένί

212 2094 473 2169 ἐπιπέδῳ,
535 2102 859 2166 μεθιστῆται
915 2092 975 2148 δὲ
1028 2096 1090 2149 τὸ
1145 2097 1289 2164 ὄμμα
1345 2092 1433 2148 ἐπὶ
1484 2094 1690 2147 κύκλου
1741 2110 1865 2161 περι

210 2187 455 2257 φερείας,
497 2189 619 2238 ἴσον
658 2183 741 2238 ἀεὶ
780 2186 842 2239 τὸ
882 2184 1167 2256 ὁρώμενον
1206 2185 1523 2253 φανήσεται.
1899 2248 1901 2253 Ι

322 2276 458 2328 ἔστω
499 2274 782 2346 ὁρώμενον
820 2271 921 2344 μὲν
958 2275 1020 2327 τὸ
1059 2277 1170 2326 ΑΒ
1213 2271 1487 2343 μετέωρον
1525 2271 1590 2325 ὃν
1627 2268 1719 2323 καὶ
1757 2270 1901 2390 πρὸῆ

1882 2387 1891 2417 θ’

213 2522 374 2568 dimid.
402 2538 518 2568 eras.
542 2524 598 2568 V.
719 2528 759 2567 4.
793 2524 907 2567 Post
937 2537 1237 2579 περιφερειας
1269 2521 1376 2567 add.
1409 2518 1602 2577 κέντρον
1634 2519 1818 2579 ἔχοντος

214 2582 337 2639 ὄμμα
367 2599 412 2640 p.
506 2588 545 2628 6.
577 2583 915 2655 μετεορώτερον
938 2583 994 2638 V,
1028 2579 1256 2639 μετέωρον
1287 2597 1339 2638 p;
1372 2581 1713 2638 μετεωρώτερον
1738 2595 1780 2637 v,
1813 2591 1870 2625 se,

214 2656 326 2686 corn
461 2646 501 2688 8.
534 2643 727 2702 κεντρῳ]
760 2656 907 2699 comp.
939 2642 1033 2686 Vv.
1165 2646 1232 2685 10.
1268 2638 1585 2698 περιφερείας]
1620 2653 1765 2695 comp.
1799 2638 1843 2682 V
1864 2643 1892 2686 30¹

274 2706 342 2745 12.
375 2701 481 2760 τήν]
515 2715 602 2746 om.
635 2717 677 2746 v.
772 2706 840 2745 13.
873 2698 1088 2759 κέντρου]
1120 2699 1171 2744 in
1199 2714 1290 2744 ras.
1321 2715 1380 2744 m.
1406 2713 1494 2743 ree.
1520 2699 1576 2743 V.
1672 2703 1739 2742 16.
1772 2697 1893 2756 AntQ

212 2761 342 2819 ἀχθῇ
372 2775 462 2805 ras.
487 2765 512 2804 2
546 2760 637 2805 litt.
663 2761 718 2805 V.
812 2759 913 2819 ἐπί]
947 2774 1087 2817 supra
1119 2773 1203 2803 scr.
1236 2774 1295 2803 m.
1330 2764 1353 2802 1
1387 2774 1431 2815 p.
1538 2762 1604 2802 17.
1639 2755 1815 2814 μεγέθη
1846 2758 1891 2814 ἦ·

214 2819 296 2863 sed
328 2834 441 2864 corr,
588 2826 914 2877 μετακεινῆται
943 2820 999 2876 V,
1041 2819 1123 2863 sed
1155 2833 1293 2875 cong
1337 2825 1650 2875 μετακινεῖται
1681 2831 1730 2873 V,
1771 2818 1819 2859 et
1847 2827 1892 2873 p,

215 2879 296 2922 sed
329 2893 442 2923 corr.
589 2883 657 2923 19.
698 2879 802 2937 w‘]
836 2879 915 2936 μγ’
941 2879 1035 2935 Vv,
1069 2878 1149 2935 μδ’
1174 2893 1220 2934 p.
1364 2882 1433 2922 21.
1476 2874 1697 2936 ἐπιπέδῳ]
1731 2889 1818 2920 om.
1849 2880 1892 2920 v.

332 2469 370 2508 1.
404 2464 500 2523 λη’]
533 2464 614 2523 μβ’
639 2464 733 2521 Vv,
767 2464 845 2521 μγ’
871 2479 915 2521 p.
1038 2467 1078 2507 3.
1111 2462 1183 2539 τό]
1215 2467 1277 2523 τῷ
1308 2477 1350 2507 v.
1465 2468 1547 2506 τοῦ
1582 2488 1634 2494 -
1667 2465 1709 2505 4.
1742 2429 1897 2682 πέριξ
