1904 3184
5 0 31 54 1

9 53 29 90 ’ς
358 87 710 131 οΡΤῙαοΒΠΜ
737 87 1035 130 RECENSIO
1067 63 1345 130 'rnnoms
1589 84 1696 138 189

13 210 196 273 culum
229 211 349 262 ZH
350 211 416 261 N
447 206 664 261 efficiat.
725 205 991 260 ducantur
1029 209 1211 259 autem
1250 206 1318 259 ab
1360 204 1530 259 oculis
1562 209 1627 276 Β,
1655 207 1708 258 Γ

13 301 194 353 rectae
231 300 361 366 BZ,
402 299 520 349 ΓΝ
555 295 615 347 in
651 312 759 347 uno
798 298 1000 363 puncto
1041 293 1417 366 contingentes
1465 297 1520 347 et
1556 294 1700 347 inter

14 405 73 442 se
112 385 398 439 concidant
434 384 493 436 in
535 387 603 453 Θ,
658 382 940 436 concident
988 383 1155 454 enim,
1201 383 1456 453 quoniam
1496 384 1597 436 ΓΒ
1646 387 1700 435 et

14 476 307 531 diametrus
356 473 613 543 sphaerae
658 472 967 540 inaequales
1013 476 1151 524 sunt.
1227 471 1412 541 itaque
1450 475 1628 525 rectae
1669 491 1700 524 a

13 568 216 638 puncto
245 567 293 617 Θ
330 563 398 616 ad
437 563 719 632 sphaeram
751 561 1058 614 adcidentes
1091 561 1267 614 minus
1298 559 1698 630 hemisphaerio

0 653 480 724 »comprehendent
543 669 706 720 quare
741 651 861 702 ZH
862 654 927 703 N
957 651 1135 703 minus
1174 650 1584 720 hemisphaerio,
1603 653 1698 703 est.

0 734 143 814 ergo
169 760 304 813 quae
337 761 369 795 a
399 745 463 812 Β,
489 743 542 794 Γ
568 740 737 794 oculis
770 739 1007 792 cernitur
1038 758 1180 809 parS,
1211 739 1388 792 minor
1419 742 1503 792 est
1533 738 1701 791 hemi-

14 829 277 904 sphaeriO.

814 933 900 986 28.

127 1039 620 1109 Quomodocunque
668 1037 942 1107 cylindrus
987 1037 1055 1090 ab
1102 1054 1210 1090 uno
1251 1036 1406 1090 oculo
1448 1035 1699 1105 cernitur,

15 1125 192 1185 minus
234 1129 611 1199 semicylindro
652 1131 911 1181 cernetur.
1539 1114 1542 1117 ’

31 1215 38 1222 ’
917 1215 990 1269 sit
1038 1215 1183 1268 enim
1222 1218 1280 1268 K
1320 1218 1564 1268 centrum
1603 1213 1700 1268 cir-

807 1305 915 1359 culi
991 1305 1169 1358 basim
1254 1303 1483 1374 cylindri
1560 1321 1702 1357 com-

807 1393 1203 1463 prehendentiS‚
1249 1397 1303 1446 et
1343 1393 1410 1446 ab
1453 1392 1609 1446 oculo
1642 1395 1708 1445 N

809 1484 876 1536 ad
906 1486 965 1536 K
999 1484 1226 1537 ducatur
1256 1485 1389 1553 NK,
1429 1485 1484 1535 et
1521 1499 1617 1552 per
1647 1483 1707 1533 K

809 1573 877 1625 ad
932 1591 1051 1625 eam
1106 1571 1563 1642 perpendicularis
1611 1570 1701 1623 du-

808 1665 960 1715 catur
991 1663 1110 1732 ΒΓ,
1142 1661 1344 1715 circum
1370 1663 1496 1713 KN
1519 1662 1700 1713 autem

809 1751 1043 1804 circulus
1097 1750 1456 1819 describatur,
1510 1749 1702 1802 ducan-

806 1843 1001 1909 turque
1051 1843 1187 1910 NZ,
1230 1842 1360 1909 ΖΚ,
1397 1842 1533 1909 ΝΔ,
1570 1841 1700 1891 ΔΚ.

805 1929 940 1983 recti
994 1929 1167 2000 igitur
1221 1932 1349 1982 sunt
1402 1927 1588 1999 anguli
1635 1927 1703 1980 ad

810 2022 871 2087 Ζ,
894 2023 949 2071 Δ
986 2018 1169 2088 positi.
1229 2035 1393 2088 quare
1428 2021 1555 2086 ZN,
1588 2019 1703 2070 NA

808 2107 867 2159 in
927 2125 1035 2160 uno
1098 2110 1301 2177 puncto
1363 2106 1702 2176 contingunt,

812 2199 867 2248 et
927 2195 1086 2265 radii,
1148 2196 1241 2265 qui
1304 2195 1371 2248 ab
1425 2199 1490 2249 N
1545 2194 1700 2248 oculo

813 2283 1077 2355 feruntur,
1100 2303 1197 2355 per
1213 2288 1340 2354 ΝΖ,
1358 2287 1471 2337 ΝΔ
1495 2283 1701 2336 cadent.

12 2386 185 2440 {quare
215 2377 383 2427 ZAA
413 2392 568 2427 arcus
601 2374 748 2427 solus
782 2377 1044 2427 cernetur.
1107 2392 1297 2427 uerum
1324 2375 1430 2425 ZA
1440 2377 1494 2425 A
1525 2371 1702 2426 minor

13 2461 108 2513 sent
137 2461 471 2515 semicirculo
506 2464 603 2515 ΓΛ
612 2465 673 2514 Β.
730 2461 913 2530 itaque
948 2464 1118 2514 ZAA
1155 2461 1332 2514 minor
1365 2460 1700 2514 semicirculo

15 2552 282 2621 cernetur,
309 2550 413 2605 hoc
445 2555 528 2604 est
559 2550 832 2621 cylindrus
862 2550 1001 2620 ipse3
1039 2568 1167 2603 nam
1197 2568 1293 2620 per
1317 2553 1491 2603 totam
1523 2568 1703 2619 super-

27 2775 88 2812 et
108 2765 250 2814 tei-m.
282 2774 309 2814 2
340 2770 395 2827 V,
436 2784 524 2816 om.
557 2787 600 2828 p.
753 2768 883 2829 περί]
917 2768 1047 2825 παρά
1079 2783 1226 2827 comp.
1261 2784 1304 2826 p.
1457 2773 1526 2813 22.
1568 2766 1700 2828 περί]

17 2824 154 2882 ξηρά
182 2841 327 2886 comp.
358 2844 403 2887 p.
520 2835 590 2877 27.
626 2830 747 2875 ἐστιν
780 2845 821 2875 v,
937 2833 1005 2874 28.
1040 2826 1334 2887 ἡμικυκλίου]
1367 2826 1701 2885 ἡμικυλίνδρου

28 2880 84 2942 V,
108 2883 309 2933 sortasse
339 2891 479 2935 recte.
