<?xml version="1.0" encoding="UTF-8"?>
<!DOCTYPE html PUBLIC "-//W3C//DTD XHTML 1.0 Transitional//EN"
    "http://www.w3.org/TR/xhtml1/DTD/xhtml1-transitional.dtd">
<html xmlns="http://www.w3.org/1999/xhtml" xml:lang="en" lang="en">
 <head>
  <title>
</title>
<meta http-equiv="Content-Type" content="text/html;charset=utf-8" />
  <meta name='ocr-system' content='tesseract 3.04.00' />
  <meta name='ocr-capabilities' content='ocr_page ocr_carea ocr_par ocr_line ocrx_word'/>
</head>
<body>
  <div class='ocr_page' id='page_1' title='image "./euclidisoperaomn07eucluoft_0174.png"; bbox 0 0 1904 3184; ppageno 0'>
   <div class='ocr_carea' id='block_1_1' title="bbox 174 145 1292 198">
    <p class='ocr_par' dir='ltr' id='par_1_1' title="bbox 174 145 1292 198">
     <span class='ocr_line' id='line_1_1' title="bbox 174 145 1292 198; baseline 0 -9"><span class='ocrx_word' id='word_1_1' title='bbox 174 146 201 198; x_wconf 88' lang='lat'>1</span> <span class='ocrx_word' id='word_1_2' title='bbox 211 145 279 198; x_wconf 76' lang='lat'><strong><em>12</em></strong></span> <span class='ocrx_word' id='word_1_3' title='bbox 742 146 1028 189; x_wconf 84' lang='lat' dir='ltr'>EUCLIDIS</span> <span class='ocrx_word' id='word_1_4' title='bbox 1061 145 1292 189; x_wconf 77' lang='lat' dir='ltr'><strong>OPTIOA.</strong></span> 
     </span>
    </p>
   </div>
   <div class='ocr_carea' id='block_1_2' title="bbox 113 314 1864 826">
    <p class='ocr_par' dir='ltr' id='par_1_2' title="bbox 113 314 1864 826">
     <span class='ocr_line' id='line_1_2' title="bbox 963 314 1070 363; baseline -0.009 -15"><span class='ocrx_word' id='word_1_5' title='bbox 963 314 1034 363; x_wconf 99' lang='grc' dir='ltr'><em>νγ</em></span> <span class='ocrx_word' id='word_1_6' title='bbox 1059 336 1070 347; x_wconf 95' lang='grc'><strong>.</strong></span> 
     </span>
     <span class='ocr_line' id='line_1_3' title="bbox 291 396 1864 469; baseline -0.002 -16"><span class='ocrx_word' id='word_1_7' title='bbox 291 403 402 453; x_wconf 86' lang='grc' dir='ltr'><strong><em>Τοῦ</em></strong></span> <span class='ocrx_word' id='word_1_8' title='bbox 435 401 675 469; x_wconf 79' lang='grc' dir='ltr'>ὄμματος</span> <span class='ocrx_word' id='word_1_9' title='bbox 707 401 895 467; x_wconf 81' lang='grc' dir='ltr'><em>ἔγγιον</em></span> <span class='ocrx_word' id='word_1_10' title='bbox 925 405 1024 451; x_wconf 89' lang='grc' dir='ltr'><strong><em>τοῦ</em></strong></span> <span class='ocrx_word' id='word_1_11' title='bbox 1057 396 1342 468; x_wconf 82' lang='grc' dir='ltr'>ὁρωμένου</span> <span class='ocrx_word' id='word_1_12' title='bbox 1365 400 1694 469; x_wconf 78' lang='grc' dir='ltr'><strong><em>προσιόντος</em></strong></span> <span class='ocrx_word' id='word_1_13' title='bbox 1720 396 1864 462; x_wconf 83' lang='grc' dir='ltr'><em>δόξει</em></span> 
     </span>
     <span class='ocr_line' id='line_1_4' title="bbox 172 486 894 558; baseline -0.004 -15"><span class='ocrx_word' id='word_1_14' title='bbox 172 489 234 543; x_wconf 90' lang='grc' dir='ltr'><strong><em>τὸ</em></strong></span> <span class='ocrx_word' id='word_1_15' title='bbox 276 487 562 558; x_wconf 78' lang='grc' dir='ltr'><strong><em>ὁρώμενον</em></strong></span> <span class='ocrx_word' id='word_1_16' title='bbox 601 486 894 557; x_wconf 81' lang='grc' dir='ltr'><strong><em>ηὐξῆσθαι.</em></strong></span> 
     </span>
     <span class='ocr_line' id='line_1_5' title="bbox 283 574 1864 649; baseline -0.001 -18"><span class='ocrx_word' id='word_1_17' title='bbox 283 578 511 649; x_wconf 79' lang='grc' dir='ltr'><strong><em>ὁράσθω</em></strong></span> <span class='ocrx_word' id='word_1_18' title='bbox 545 578 650 647; x_wconf 79' lang='grc' dir='ltr'><em>γὰρ</em></span> <span class='ocrx_word' id='word_1_19' title='bbox 682 577 744 630; x_wconf 91' lang='grc' dir='ltr'><strong><em>τὸ</em></strong></span> <span class='ocrx_word' id='word_1_20' title='bbox 774 579 886 630; x_wconf 91' lang='grc' dir='ltr'><strong><em>ΒΓ</em></strong></span> <span class='ocrx_word' id='word_1_21' title='bbox 917 583 1017 629; x_wconf 88' lang='grc' dir='ltr'><strong><em>τοῦ</em></strong></span> <span class='ocrx_word' id='word_1_22' title='bbox 1050 577 1289 646; x_wconf 78' lang='grc' dir='ltr'><em>ὄμματος</em></span> <span class='ocrx_word' id='word_1_23' title='bbox 1321 574 1408 630; x_wconf 91' lang='grc' dir='ltr'><strong><em>ε’πὶ</em></strong></span> <span class='ocrx_word' id='word_1_24' title='bbox 1438 577 1500 630; x_wconf 91' lang='grc' dir='ltr'><strong><em>τὸ</em></strong></span> <span class='ocrx_word' id='word_1_25' title='bbox 1535 580 1580 630; x_wconf 94' lang='grc' dir='ltr'><strong><em>Ζ</em></strong></span> <span class='ocrx_word' id='word_1_26' title='bbox 1611 575 1864 647; x_wconf 84' lang='grc' dir='ltr'><strong><em>κειμένου</em></strong></span> 
     </span>
     <span class='ocr_line' id='line_1_6' title="bbox 113 664 1214 735; baseline 0.002 -18"><span class='ocrx_word' id='word_1_27' title='bbox 113 677 139 717; x_wconf 82' lang='grc'><strong>5</strong></span> <span class='ocrx_word' id='word_1_28' title='bbox 171 668 279 722; x_wconf 85' lang='grc' dir='ltr'><strong><em>ὑπὸ</em></strong></span> <span class='ocrx_word' id='word_1_29' title='bbox 334 676 446 719; x_wconf 85' lang='grc' dir='ltr'><strong><em>τῶν</em></strong></span> <span class='ocrx_word' id='word_1_30' title='bbox 504 669 634 735; x_wconf 94' lang='grc' dir='ltr'><strong><em>ΖΒ,</em></strong></span> <span class='ocrx_word' id='word_1_31' title='bbox 685 668 795 719; x_wconf 94' lang='grc' dir='ltr'><strong><em>ΖΓ</em></strong></span> <span class='ocrx_word' id='word_1_32' title='bbox 842 665 1096 735; x_wconf 80' lang='grc' dir='ltr'><em>ἀκτίνων,</em></span> <span class='ocrx_word' id='word_1_33' title='bbox 1210 664 1214 668; x_wconf 68' lang='grc'><strong>’</strong></span> 
     </span>
     <span class='ocr_line' id='line_1_7' title="bbox 171 739 1849 826; baseline -0.002 -16"><span class='ocrx_word' id='word_1_34' title='bbox 171 754 263 810; x_wconf 87' lang='grc' dir='ltr'><strong><em>καὶ</em></strong></span> <span class='ocrx_word' id='word_1_35' title='bbox 287 758 628 826; x_wconf 84' lang='grc' dir='ltr'><strong><em>μετακείσθω</em></strong></span> <span class='ocrx_word' id='word_1_36' title='bbox 653 756 715 808; x_wconf 92' lang='grc' dir='ltr'><strong><em>τὸ</em></strong></span> <span class='ocrx_word' id='word_1_37' title='bbox 740 753 887 824; x_wconf 91' lang='grc' dir='ltr'><strong><em>ὄμμα</em></strong></span> <span class='ocrx_word' id='word_1_38' title='bbox 911 757 1098 823; x_wconf 79' lang='grc' dir='ltr'><strong><em>ἔγγιον</em></strong></span> <span class='ocrx_word' id='word_1_39' title='bbox 1174 741 1239 796; x_wconf 61' lang='grc' dir='ltr'><strong><em>Β</em></strong></span> <span class='ocrx_word' id='word_1_40' title='bbox 1789 739 1849 789; x_wconf 72' lang='grc' dir='ltr'><strong><em>Γ</em></strong></span> 
     </span>
    </p>
   </div>
   <div class='ocr_carea' id='block_1_3' title="bbox 87 842 1904 1225">
    <p class='ocr_par' dir='ltr' id='par_1_3' title="bbox 172 842 1096 912">
     <span class='ocr_line' id='line_1_8' title="bbox 172 842 1096 912; baseline -0.002 -13"><span class='ocrx_word' id='word_1_41' title='bbox 172 852 271 899; x_wconf 89' lang='grc' dir='ltr'><strong><em>τοῦ</em></strong></span> <span class='ocrx_word' id='word_1_42' title='bbox 303 847 418 898; x_wconf 93' lang='grc' dir='ltr'><strong><em>ΒΓ</em></strong></span> <span class='ocrx_word' id='word_1_43' title='bbox 447 842 539 897; x_wconf 88' lang='grc' dir='ltr'><strong><em>καὶ</em></strong></span> <span class='ocrx_word' id='word_1_44' title='bbox 579 846 716 897; x_wconf 82' lang='grc' dir='ltr'><strong><em>ἔστω</em></strong></span> <span class='ocrx_word' id='word_1_45' title='bbox 757 842 846 897; x_wconf 83' lang='grc' dir='ltr'><strong><em>ἐπὶ</em></strong></span> <span class='ocrx_word' id='word_1_46' title='bbox 887 851 987 897; x_wconf 86' lang='grc' dir='ltr'><strong><em>τοῦ</em></strong></span> <span class='ocrx_word' id='word_1_47' title='bbox 1026 849 1096 912; x_wconf 88' lang='lat' dir='ltr'><strong><em>A,</em></strong></span> 
     </span>
    </p>

    <p class='ocr_par' dir='ltr' id='par_1_4' title="bbox 171 932 1904 1004">
     <span class='ocr_line' id='line_1_9' title="bbox 171 932 1904 1004; baseline -0.002 -16"><span class='ocrx_word' id='word_1_48' title='bbox 171 932 263 988; x_wconf 85' lang='grc' dir='ltr'><strong><em>καὶ</em></strong></span> <span class='ocrx_word' id='word_1_49' title='bbox 302 933 530 1004; x_wconf 75' lang='grc' dir='ltr'><strong><em>ὁράσθω</em></strong></span> <span class='ocrx_word' id='word_1_50' title='bbox 570 934 632 986; x_wconf 92' lang='grc' dir='ltr'><strong><em>τὸ</em></strong></span> <span class='ocrx_word' id='word_1_51' title='bbox 672 933 806 987; x_wconf 88' lang='grc' dir='ltr'><strong><em>αὐτὸ</em></strong></span> <span class='ocrx_word' id='word_1_52' title='bbox 843 933 953 987; x_wconf 88' lang='grc' dir='ltr'><strong><em>ὑπὸ</em></strong></span> <span class='ocrx_word' id='word_1_53' title='bbox 985 942 1098 986; x_wconf 84' lang='grc' dir='ltr'><strong><em>τῶν</em></strong></span> <span class='ocrx_word' id='word_1_54' title='bbox 1903 933 1904 937; x_wconf 65' lang='grc'>’</span> 
     </span>
    </p>

    <p class='ocr_par' dir='ltr' id='par_1_5' title="bbox 87 1022 1904 1225">
     <span class='ocr_line' id='line_1_10' title="bbox 171 1022 1098 1093; baseline -0.001 -17"><span class='ocrx_word' id='word_1_55' title='bbox 171 1026 312 1093; x_wconf 92' lang='grc' dir='ltr'><strong><em>ΔΒ,</em></strong></span> <span class='ocrx_word' id='word_1_56' title='bbox 366 1025 490 1076; x_wconf 92' lang='grc' dir='ltr'><strong><em>ΔΓ</em></strong></span> <span class='ocrx_word' id='word_1_57' title='bbox 542 1022 798 1076; x_wconf 83' lang='grc' dir='ltr'><em>ἀκτίνων.</em></span> <span class='ocrx_word' id='word_1_58' title='bbox 891 1023 1098 1076; x_wconf 88' lang='grc' dir='ltr'><strong><em>οὐκοῦν</em></strong></span> 
     </span>
     <span class='ocr_line' id='line_1_11' title="bbox 87 1093 1904 1225; baseline 0.001 -64"><span class='ocrx_word' id='word_1_59' title='bbox 87 1121 142 1162; x_wconf 89' lang='grc'><strong><em>10</em></strong></span> <span class='ocrx_word' id='word_1_60' title='bbox 173 1114 372 1183; x_wconf 81' lang='grc' dir='ltr'><strong><em>μείζων</em></strong></span> <span class='ocrx_word' id='word_1_61' title='bbox 405 1111 439 1180; x_wconf 84' lang='grc' dir='ltr'><em>ἡ</em></span> <span class='ocrx_word' id='word_1_62' title='bbox 471 1116 526 1164; x_wconf 91' lang='grc' dir='ltr'><em>Δ</em></span> <span class='ocrx_word' id='word_1_63' title='bbox 564 1115 740 1180; x_wconf 84' lang='grc' dir='ltr'><em>γωνία</em></span> <span class='ocrx_word' id='word_1_64' title='bbox 778 1118 875 1181; x_wconf 85' lang='grc' dir='ltr'><strong><em>τῆς</em></strong></span> <span class='ocrx_word' id='word_1_65' title='bbox 908 1115 953 1164; x_wconf 93' lang='grc' dir='ltr'><strong><em>Ζ</em></strong></span> <span class='ocrx_word' id='word_1_66' title='bbox 994 1131 1098 1179; x_wconf 92' lang='grc' dir='ltr'><em>γω-</em></span> <span class='ocrx_word' id='word_1_67' title='bbox 1496 1093 1543 1146; x_wconf 69' lang='grc' dir='ltr'><strong><em>Ζ</em></strong></span> <span class='ocrx_word' id='word_1_68' title='bbox 1884 1102 1904 1225; x_wconf 43' lang='grc' dir='ltr'><strong>ἑ</strong></span> 
     </span>
    </p>
   </div>
   <div class='ocr_carea' id='block_1_4' title="bbox 173 1197 1866 1449">
    <p class='ocr_par' dir='ltr' id='par_1_6' title="bbox 173 1197 1866 1449">
     <span class='ocr_line' id='line_1_12' title="bbox 173 1197 1098 1270; baseline -0.002 -15"><span class='ocrx_word' id='word_1_69' title='bbox 173 1204 318 1265; x_wconf 92' lang='grc' dir='ltr'><strong><em>νίας·</em></strong></span> <span class='ocrx_word' id='word_1_70' title='bbox 358 1202 426 1255; x_wconf 76' lang='grc' dir='ltr'><strong><em>τὰ</em></strong></span> <span class='ocrx_word' id='word_1_71' title='bbox 466 1197 526 1254; x_wconf 76' lang='grc' dir='ltr'><strong><em>δὲ</em></strong></span> <span class='ocrx_word' id='word_1_72' title='bbox 563 1200 673 1254; x_wconf 86' lang='grc' dir='ltr'><strong><em>ὑπὸ</em></strong></span> <span class='ocrx_word' id='word_1_73' title='bbox 713 1203 958 1270; x_wconf 79' lang='grc' dir='ltr'><strong><em>μείζονος</em></strong></span> <span class='ocrx_word' id='word_1_74' title='bbox 993 1220 1098 1268; x_wconf 93' lang='grc' dir='ltr'><em>γω-</em></span> 
     </span>
     <span class='ocr_line' id='line_1_13' title="bbox 173 1287 1866 1360; baseline -0.002 -15"><span class='ocrx_word' id='word_1_75' title='bbox 173 1293 297 1354; x_wconf 83' lang='grc' dir='ltr'><em>νίας</em></span> <span class='ocrx_word' id='word_1_76' title='bbox 336 1290 589 1360; x_wconf 78' lang='grc' dir='ltr'><em>ὁρώμενα</em></span> <span class='ocrx_word' id='word_1_77' title='bbox 635 1292 854 1359; x_wconf 82' lang='grc' dir='ltr'><strong><em>μείζονα</em></strong></span> <span class='ocrx_word' id='word_1_78' title='bbox 901 1292 1172 1359; x_wconf 87' lang='grc' dir='ltr'><strong><em>φαίνεται.</em></strong></span> <span class='ocrx_word' id='word_1_79' title='bbox 1257 1287 1402 1353; x_wconf 81' lang='grc' dir='ltr'><em>δόξει</em></span> <span class='ocrx_word' id='word_1_80' title='bbox 1449 1289 1555 1359; x_wconf 79' lang='grc' dir='ltr'><strong><em>ἄρα</em></strong></span> <span class='ocrx_word' id='word_1_81' title='bbox 1592 1287 1866 1357; x_wconf 82' lang='grc' dir='ltr'><em>ηὐξῆσθαι</em></span> 
     </span>
     <span class='ocr_line' id='line_1_14' title="bbox 173 1375 1865 1449; baseline -0.002 -15"><span class='ocrx_word' id='word_1_82' title='bbox 173 1381 236 1434; x_wconf 89' lang='grc' dir='ltr'><strong><em>τὸ</em></strong></span> <span class='ocrx_word' id='word_1_83' title='bbox 269 1382 382 1434; x_wconf 90' lang='grc' dir='ltr'><strong><em>ΒΓ</em></strong></span> <span class='ocrx_word' id='word_1_84' title='bbox 412 1386 512 1433; x_wconf 89' lang='grc' dir='ltr'><strong><em>τοῦ</em></strong></span> <span class='ocrx_word' id='word_1_85' title='bbox 552 1381 793 1449; x_wconf 80' lang='grc' dir='ltr'><strong><em>ὄμματος</em></strong></span> <span class='ocrx_word' id='word_1_86' title='bbox 825 1376 913 1432; x_wconf 84' lang='grc' dir='ltr'><strong><em>ἐπὶ</em></strong></span> <span class='ocrx_word' id='word_1_87' title='bbox 944 1386 1044 1431; x_wconf 91' lang='grc' dir='ltr'><strong><em>τοῦ</em></strong></span> <span class='ocrx_word' id='word_1_88' title='bbox 1078 1383 1133 1432; x_wconf 91' lang='grc' dir='ltr'><em>Δ</em></span> <span class='ocrx_word' id='word_1_89' title='bbox 1172 1379 1332 1441; x_wconf 80' lang='grc' dir='ltr'><strong><em>ὄντος</em></strong></span> <span class='ocrx_word' id='word_1_90' title='bbox 1369 1378 1505 1449; x_wconf 79' lang='grc' dir='ltr'><strong><em>ἥπερ</em></strong></span> <span class='ocrx_word' id='word_1_91' title='bbox 1547 1375 1635 1431; x_wconf 80' lang='grc' dir='ltr'><strong><em>ἐπὶ</em></strong></span> <span class='ocrx_word' id='word_1_92' title='bbox 1673 1384 1773 1430; x_wconf 90' lang='grc' dir='ltr'><strong><em>τοῦ</em></strong></span> <span class='ocrx_word' id='word_1_93' title='bbox 1807 1381 1865 1431; x_wconf 94' lang='grc' dir='ltr'><strong><em>Ζ.</em></strong></span> 
     </span>
    </p>
   </div>
   <div class='ocr_carea' id='block_1_5' title="bbox 1889 1228 1904 1481">
    <p class='ocr_par' dir='ltr' id='par_1_7' title="bbox 1889 1228 1904 1481">
     <span class='ocr_line' id='line_1_15' title="bbox 1889 1228 1904 1481; baseline 0 1703"><span class='ocrx_word' id='word_1_94' title='bbox 1889 1228 1904 1481; x_wconf 95' lang='lat' dir='ltr'><strong><em> </em></strong></span> 
     </span>
    </p>
   </div>
   <div class='ocr_carea' id='block_1_6' title="bbox 86 1514 1904 2339">
    <p class='ocr_par' dir='ltr' id='par_1_8' title="bbox 971 1514 1904 1615">
     <span class='ocr_line' id='line_1_16' title="bbox 971 1514 1904 1615; baseline -0.001 -20"><span class='ocrx_word' id='word_1_95' title='bbox 971 1542 1043 1595; x_wconf 91' lang='grc' dir='ltr'><strong><em>νδ</em></strong></span> <span class='ocrx_word' id='word_1_96' title='bbox 1051 1540 1081 1595; x_wconf 87' lang='grc'><strong><em>’.</em></strong></span> <span class='ocrx_word' id='word_1_97' title='bbox 1889 1514 1904 1615; x_wconf 52' lang='lat'>3</span> 
     </span>
    </p>

    <p class='ocr_par' dir='ltr' id='par_1_9' title="bbox 86 1629 1904 2339">
     <span class='ocr_line' id='line_1_17' title="bbox 88 1629 1898 1718; baseline 0.001 -23"><span class='ocrx_word' id='word_1_98' title='bbox 88 1655 142 1696; x_wconf 89' lang='lat'><strong><em>15</em></strong></span> <span class='ocrx_word' id='word_1_99' title='bbox 295 1649 419 1699; x_wconf 82' lang='grc' dir='ltr'><strong><em>Τῶν</em></strong></span> <span class='ocrx_word' id='word_1_100' title='bbox 467 1649 567 1718; x_wconf 79' lang='grc' dir='ltr'><strong><em>ἴσω</em></strong></span> <span class='ocrx_word' id='word_1_101' title='bbox 616 1645 766 1715; x_wconf 77' lang='grc' dir='ltr'><strong><em>τάχει</em></strong></span> <span class='ocrx_word' id='word_1_102' title='bbox 813 1643 1137 1716; x_wconf 78' lang='grc' dir='ltr'><strong><em>φερομένων</em></strong></span> <span class='ocrx_word' id='word_1_103' title='bbox 1182 1645 1249 1697; x_wconf 81' lang='grc' dir='ltr'><strong><em>τὰ</em></strong></span> <span class='ocrx_word' id='word_1_104' title='bbox 1295 1646 1484 1715; x_wconf 80' lang='grc' dir='ltr'><em>πόρρω</em></span> <span class='ocrx_word' id='word_1_105' title='bbox 1534 1645 1687 1698; x_wconf 83' lang='grc' dir='ltr'><em>δοκεῖ</em></span> <span class='ocrx_word' id='word_1_106' title='bbox 1733 1629 1898 1714; x_wconf 47' lang='grc' dir='ltr'><em>βρα-”</em></span> 
     </span>
     <span class='ocr_line' id='line_1_18' title="bbox 175 1733 736 1806; baseline -0.002 -17"><span class='ocrx_word' id='word_1_107' title='bbox 175 1737 409 1806; x_wconf 87' lang='grc' dir='ltr'><em>δύτερον</em></span> <span class='ocrx_word' id='word_1_108' title='bbox 448 1733 736 1805; x_wconf 83' lang='grc' dir='ltr'><strong><em>φέρεσθαι.</em></strong></span> 
     </span>
     <span class='ocr_line' id='line_1_19' title="bbox 286 1814 1897 1895; baseline -0.001 -18"><span class='ocrx_word' id='word_1_109' title='bbox 286 1822 544 1895; x_wconf 81' lang='grc' dir='ltr'><em>φερέσθω</em></span> <span class='ocrx_word' id='word_1_110' title='bbox 584 1824 688 1894; x_wconf 82' lang='grc' dir='ltr'><em>γὰρ</em></span> <span class='ocrx_word' id='word_1_111' title='bbox 739 1825 1004 1892; x_wconf 78' lang='grc' dir='ltr'><strong><em>ἰσοταχῶς</em></strong></span> <span class='ocrx_word' id='word_1_112' title='bbox 1049 1823 1115 1875; x_wconf 78' lang='grc' dir='ltr'><strong><em>τὰ</em></strong></span> <span class='ocrx_word' id='word_1_113' title='bbox 1155 1825 1227 1890; x_wconf 93' lang='grc' dir='ltr'><strong><em>Β,</em></strong></span> <span class='ocrx_word' id='word_1_114' title='bbox 1260 1825 1335 1891; x_wconf 93' lang='grc' dir='ltr'><strong><em>Κ,</em></strong></span> <span class='ocrx_word' id='word_1_115' title='bbox 1383 1819 1474 1875; x_wconf 89' lang='grc' dir='ltr'><strong><em>καὶ</em></strong></span> <span class='ocrx_word' id='word_1_116' title='bbox 1521 1821 1627 1876; x_wconf 83' lang='grc' dir='ltr'><strong><em>ἀπὸ</em></strong></span> <span class='ocrx_word' id='word_1_117' title='bbox 1675 1829 1774 1875; x_wconf 86' lang='grc' dir='ltr'><strong><em>τοῦ</em></strong></span> <span class='ocrx_word' id='word_1_118' title='bbox 1813 1814 1897 1882; x_wconf 70' lang='lat' dir='ltr'><strong><em>A}</em></strong></span> 
     </span>
     <span class='ocr_line' id='line_1_20' title="bbox 175 1901 1893 1983; baseline -0.002 -15"><span class='ocrx_word' id='word_1_119' title='bbox 175 1915 415 1983; x_wconf 79' lang='grc' dir='ltr'><strong><em>ὄμματος</em></strong></span> <span class='ocrx_word' id='word_1_120' title='bbox 454 1911 669 1975; x_wconf 83' lang='grc' dir='ltr'><strong><em>ἀκτῖνες</em></strong></span> <span class='ocrx_word' id='word_1_121' title='bbox 715 1913 982 1981; x_wconf 79' lang='grc' dir='ltr'><strong><em>ἤχθωσαν</em></strong></span> <span class='ocrx_word' id='word_1_122' title='bbox 1030 1912 1092 1964; x_wconf 77' lang='grc' dir='ltr'><strong><em>αἱ</em></strong></span> <span class='ocrx_word' id='word_1_123' title='bbox 1127 1917 1180 1964; x_wconf 92' lang='grc' dir='ltr'><em>Α</em></span> <span class='ocrx_word' id='word_1_124' title='bbox 1193 1914 1253 1980; x_wconf 93' lang='grc' dir='ltr'><strong><em>Γ,</em></strong></span> <span class='ocrx_word' id='word_1_125' title='bbox 1293 1915 1418 1980; x_wconf 90' lang='grc' dir='ltr'><strong><em>ΑΔ,</em></strong></span> <span class='ocrx_word' id='word_1_126' title='bbox 1458 1916 1512 1964; x_wconf 95' lang='grc' dir='ltr'><em>Α</em></span> <span class='ocrx_word' id='word_1_127' title='bbox 1523 1915 1582 1965; x_wconf 93' lang='grc' dir='ltr'><strong><em>Ζ.</em></strong></span> <span class='ocrx_word' id='word_1_128' title='bbox 1660 1901 1893 1981; x_wconf 44' lang='grc' dir='ltr'><strong><em>οὐκοῦν]ι</em></strong></span> 
     </span>
     <span class='ocr_line' id='line_1_21' title="bbox 173 2000 1868 2071; baseline 0 -17"><span class='ocrx_word' id='word_1_129' title='bbox 173 2002 236 2055; x_wconf 91' lang='grc' dir='ltr'><strong><em>τὸ</em></strong></span> <span class='ocrx_word' id='word_1_130' title='bbox 290 2005 337 2054; x_wconf 93' lang='grc' dir='ltr'><strong><em>Β</em></strong></span> <span class='ocrx_word' id='word_1_131' title='bbox 399 2003 649 2071; x_wconf 81' lang='grc' dir='ltr'><strong><em>μείζονας</em></strong></span> <span class='ocrx_word' id='word_1_132' title='bbox 708 2003 816 2070; x_wconf 83' lang='grc' dir='ltr'><strong><em>ἔχει</em></strong></span> <span class='ocrx_word' id='word_1_133' title='bbox 870 2002 967 2064; x_wconf 82' lang='grc' dir='ltr'><strong><em>τὰς</em></strong></span> <span class='ocrx_word' id='word_1_134' title='bbox 1028 2000 1134 2054; x_wconf 85' lang='grc' dir='ltr'><strong><em>ἀπὸ</em></strong></span> <span class='ocrx_word' id='word_1_135' title='bbox 1195 2007 1296 2053; x_wconf 91' lang='grc' dir='ltr'><strong><em>τοῦ</em></strong></span> <span class='ocrx_word' id='word_1_136' title='bbox 1352 2002 1591 2070; x_wconf 87' lang='grc' dir='ltr'><strong><em>ὄμματος</em></strong></span> <span class='ocrx_word' id='word_1_137' title='bbox 1643 2000 1868 2064; x_wconf 81' lang='grc' dir='ltr'><strong><em>ἀκτῖνας</em></strong></span> 
     </span>
     <span class='ocr_line' id='line_1_22' title="bbox 86 2088 1868 2161; baseline 0 -18"><span class='ocrx_word' id='word_1_138' title='bbox 86 2099 144 2139; x_wconf 75' lang='lat'><strong><em>20</em></strong></span> <span class='ocrx_word' id='word_1_139' title='bbox 174 2089 415 2160; x_wconf 84' lang='grc' dir='ltr'><strong><em>ἠγμένας</em></strong></span> <span class='ocrx_word' id='word_1_140' title='bbox 453 2091 589 2160; x_wconf 74' lang='grc' dir='ltr'><strong><em>ἤπερ</em></strong></span> <span class='ocrx_word' id='word_1_141' title='bbox 629 2091 691 2144; x_wconf 91' lang='grc' dir='ltr'><strong><em>τὸ</em></strong></span> <span class='ocrx_word' id='word_1_142' title='bbox 723 2093 791 2143; x_wconf 89' lang='grc' dir='ltr'><strong><em>Κ.</em></strong></span> <span class='ocrx_word' id='word_1_143' title='bbox 853 2092 1035 2159; x_wconf 82' lang='grc' dir='ltr'><strong><em>μεῖζον</em></strong></span> <span class='ocrx_word' id='word_1_144' title='bbox 1074 2091 1181 2161; x_wconf 73' lang='grc' dir='ltr'><strong><em>ἄρα</em></strong></span> <span class='ocrx_word' id='word_1_145' title='bbox 1221 2088 1492 2159; x_wconf 78' lang='grc' dir='ltr'><strong><em>διάστημα</em></strong></span> <span class='ocrx_word' id='word_1_146' title='bbox 1532 2090 1904 2148; x_wconf 78' lang='grc' dir='ltr'><strong><em>διελεύσεται</em></strong></span> 
     </span>
     <span class='ocr_line' id='line_1_23' title="bbox 175 2177 1889 2250; baseline 0 -18"><span class='ocrx_word' id='word_1_147' title='bbox 175 2178 267 2232; x_wconf 85' lang='grc' dir='ltr'><strong><em>καὶ</em></strong></span> <span class='ocrx_word' id='word_1_148' title='bbox 304 2179 540 2250; x_wconf 76' lang='grc' dir='ltr'><strong><em>ὕστερον</em></strong></span> <span class='ocrx_word' id='word_1_149' title='bbox 578 2178 970 2249; x_wconf 77' lang='grc' dir='ltr'><strong><em>παραλλάσσον</em></strong></span> <span class='ocrx_word' id='word_1_150' title='bbox 1008 2180 1111 2249; x_wconf 88' lang='grc' dir='ltr'><strong><em>τὴν</em></strong></span> <span class='ocrx_word' id='word_1_151' title='bbox 1149 2183 1202 2232; x_wconf 89' lang='grc' dir='ltr'><em>Α</em></span> <span class='ocrx_word' id='word_1_152' title='bbox 1214 2183 1258 2231; x_wconf 94' lang='grc' dir='ltr'><strong><em>Ζ</em></strong></span> <span class='ocrx_word' id='word_1_153' title='bbox 1298 2180 1430 2244; x_wconf 84' lang='grc' dir='ltr'><strong><em>ὄψιν</em></strong></span> <span class='ocrx_word' id='word_1_154' title='bbox 1477 2177 1622 2243; x_wconf 90' lang='grc' dir='ltr'><em>δόξει</em></span> <span class='ocrx_word' id='word_1_155' title='bbox 1660 2179 1889 2250; x_wconf 83' lang='grc' dir='ltr'><strong><em>βραδύ-,“</em></strong></span> 
     </span>
     <span class='ocr_line' id='line_1_24' title="bbox 176 2266 664 2339; baseline -0.002 -18"><span class='ocrx_word' id='word_1_156' title='bbox 176 2288 338 2339; x_wconf 91' lang='grc' dir='ltr'><strong><em>τερον</em></strong></span> <span class='ocrx_word' id='word_1_157' title='bbox 377 2266 664 2339; x_wconf 81' lang='grc' dir='ltr'><strong><em>φέρεσθαι.</em></strong></span> 
     </span>
    </p>
   </div>
   <div class='ocr_carea' id='block_1_7' title="bbox 1867 2303 1904 3184">
    <p class='ocr_par' dir='ltr' id='par_1_10' title="bbox 1867 2303 1904 3184">
     <span class='ocr_line' id='line_1_25' title="bbox 1867 2303 1904 3184; baseline 0 0"><span class='ocrx_word' id='word_1_158' title='bbox 1867 2303 1904 3184; x_wconf 95' lang='lat' dir='ltr'><strong><em>    </em></strong></span> 
     </span>
    </p>
   </div>
   <div class='ocr_carea' id='block_1_8' title="bbox 89 2370 1894 2814">
    <p class='ocr_par' dir='ltr' id='par_1_11' title="bbox 885 2370 1894 2435">
     <span class='ocr_line' id='line_1_26' title="bbox 885 2370 1894 2435; baseline 0.001 -11"><span class='ocrx_word' id='word_1_159' title='bbox 885 2370 1090 2425; x_wconf 74' lang='grc' dir='ltr'><strong><em>’Ἀλλω</em></strong></span> <span class='ocrx_word' id='word_1_160' title='bbox 1103 2391 1144 2435; x_wconf 93' lang='grc' dir='ltr'><strong><em>ς.</em></strong></span> <span class='ocrx_word' id='word_1_161' title='bbox 1892 2421 1894 2435; x_wconf 24' lang='lat'><em>³</em></span> 
     </span>
    </p>

    <p class='ocr_par' dir='ltr' id='par_1_12' title="bbox 292 2474 1891 2547">
     <span class='ocr_line' id='line_1_27' title="bbox 292 2474 1891 2547; baseline 0.001 -19"><span class='ocrx_word' id='word_1_162' title='bbox 292 2474 558 2545; x_wconf 80' lang='grc' dir='ltr'><strong><em>Φερέσθω</em></strong></span> <span class='ocrx_word' id='word_1_163' title='bbox 600 2475 704 2545; x_wconf 76' lang='grc' dir='ltr'><em>γὰρ</em></span> <span class='ocrx_word' id='word_1_164' title='bbox 738 2475 840 2528; x_wconf 90' lang='grc' dir='ltr'><strong><em>δύο</em></strong></span> <span class='ocrx_word' id='word_1_165' title='bbox 873 2485 1070 2544; x_wconf 79' lang='grc' dir='ltr'><strong><em>σημεῖα</em></strong></span> <span class='ocrx_word' id='word_1_166' title='bbox 1101 2476 1167 2528; x_wconf 79' lang='grc' dir='ltr'><strong><em>τὰ</em></strong></span> <span class='ocrx_word' id='word_1_167' title='bbox 1199 2479 1270 2544; x_wconf 90' lang='grc' dir='ltr'><strong><em>Α,</em></strong></span> <span class='ocrx_word' id='word_1_168' title='bbox 1294 2479 1341 2528; x_wconf 93' lang='grc' dir='ltr'><strong><em>Β</em></strong></span> <span class='ocrx_word' id='word_1_169' title='bbox 1382 2474 1469 2528; x_wconf 80' lang='grc' dir='ltr'><strong><em>ἐπὶ</em></strong></span> <span class='ocrx_word' id='word_1_170' title='bbox 1499 2477 1891 2547; x_wconf 75' lang='grc' dir='ltr'><strong><em>παραλλήλων</em></strong></span> 
     </span>
    </p>

    <p class='ocr_par' dir='ltr' id='par_1_13' title="bbox 89 2557 1889 2814">
     <span class='ocr_line' id='line_1_28' title="bbox 89 2557 1889 2642; baseline 0.004 -30"><span class='ocrx_word' id='word_1_171' title='bbox 89 2573 144 2613; x_wconf 85' lang='lat'><strong><em>25</em></strong></span> <span class='ocrx_word' id='word_1_172' title='bbox 177 2565 432 2634; x_wconf 82' lang='grc' dir='ltr'><strong><em>εὐθειῶν,</em></strong></span> <span class='ocrx_word' id='word_1_173' title='bbox 473 2567 620 2634; x_wconf 93' lang='grc' dir='ltr'><strong><em>ὄμμα</em></strong></span> <span class='ocrx_word' id='word_1_174' title='bbox 659 2563 718 2618; x_wconf 77' lang='grc' dir='ltr'><strong><em>δὲ</em></strong></span> <span class='ocrx_word' id='word_1_175' title='bbox 759 2567 896 2618; x_wconf 85' lang='grc' dir='ltr'><strong><em>ἔστω</em></strong></span> <span class='ocrx_word' id='word_1_176' title='bbox 935 2566 997 2618; x_wconf 93' lang='grc' dir='ltr'><strong><em>τὸ</em></strong></span> <span class='ocrx_word' id='word_1_177' title='bbox 1033 2569 1095 2634; x_wconf 93' lang='grc' dir='ltr'><strong><em>Ζ,</em></strong></span> <span class='ocrx_word' id='word_1_178' title='bbox 1135 2563 1234 2635; x_wconf 83' lang='grc' dir='ltr'><strong><em>ἀφ’</em></strong></span> <span class='ocrx_word' id='word_1_179' title='bbox 1270 2561 1338 2618; x_wconf 89' lang='grc' dir='ltr'><strong><em>οὗ</em></strong></span> <span class='ocrx_word' id='word_1_180' title='bbox 1375 2563 1868 2636; x_wconf 86' lang='grc' dir='ltr'><strong><em>προσπιπτέτωσαν</em></strong></span> <span class='ocrx_word' id='word_1_181' title='bbox 1885 2557 1889 2642; x_wconf 31' lang='lat' dir='ltr'>J</span> 
     </span>
     <span class='ocr_line' id='line_1_29' title="bbox 178 2651 1864 2724; baseline 0.001 -18"><span class='ocrx_word' id='word_1_182' title='bbox 178 2652 393 2716; x_wconf 80' lang='grc' dir='ltr'><strong><em>ἀκτῖνες</em></strong></span> <span class='ocrx_word' id='word_1_183' title='bbox 439 2655 500 2707; x_wconf 74' lang='grc' dir='ltr'><strong><em>αἱ</em></strong></span> <span class='ocrx_word' id='word_1_184' title='bbox 537 2658 661 2724; x_wconf 92' lang='grc' dir='ltr'><strong><em>ΖΑ,</em></strong></span> <span class='ocrx_word' id='word_1_185' title='bbox 703 2657 831 2723; x_wconf 92' lang='grc' dir='ltr'><strong><em>ΖΒ,</em></strong></span> <span class='ocrx_word' id='word_1_186' title='bbox 873 2658 1000 2722; x_wconf 91' lang='grc' dir='ltr'><strong><em>ΖΕ,</em></strong></span> <span class='ocrx_word' id='word_1_187' title='bbox 1042 2658 1166 2707; x_wconf 91' lang='grc' dir='ltr'><strong><em>ΖΔ.</em></strong></span> <span class='ocrx_word' id='word_1_188' title='bbox 1242 2651 1402 2723; x_wconf 82' lang='grc' dir='ltr'><strong><em>λέγω,</em></strong></span> <span class='ocrx_word' id='word_1_189' title='bbox 1450 2654 1534 2707; x_wconf 88' lang='grc' dir='ltr'><strong><em>ὄτι</em></strong></span> <span class='ocrx_word' id='word_1_190' title='bbox 1575 2655 1637 2707; x_wconf 90' lang='grc' dir='ltr'><strong><em>τὸ</em></strong></span> <span class='ocrx_word' id='word_1_191' title='bbox 1675 2656 1864 2724; x_wconf 82' lang='grc' dir='ltr'><strong><em>πόρρω</em></strong></span> 
     </span>
     <span class='ocr_line' id='line_1_30' title="bbox 177 2731 1883 2814; baseline 0 -20"><span class='ocrx_word' id='word_1_192' title='bbox 177 2742 238 2794; x_wconf 91' lang='grc' dir='ltr'><strong><em>τὸ</em></strong></span> <span class='ocrx_word' id='word_1_193' title='bbox 286 2747 340 2794; x_wconf 90' lang='lat' dir='ltr'><em>A</em></span> <span class='ocrx_word' id='word_1_194' title='bbox 394 2743 550 2796; x_wconf 82' lang='grc' dir='ltr'><em>δοκεῖ</em></span> <span class='ocrx_word' id='word_1_195' title='bbox 590 2743 936 2813; x_wconf 84' lang='grc' dir='ltr'><em>βραδύτερον</em></span> <span class='ocrx_word' id='word_1_196' title='bbox 982 2741 1254 2814; x_wconf 85' lang='grc' dir='ltr'><strong><em>φέρεσθαι</em></strong></span> <span class='ocrx_word' id='word_1_197' title='bbox 1299 2749 1400 2795; x_wconf 87' lang='grc' dir='ltr'><strong><em>τοῦ</em></strong></span> <span class='ocrx_word' id='word_1_198' title='bbox 1447 2746 1510 2795; x_wconf 92' lang='grc' dir='ltr'><strong><em>Β.</em></strong></span> <span class='ocrx_word' id='word_1_199' title='bbox 1600 2740 1714 2796; x_wconf 80' lang='grc' dir='ltr'><strong><em>ἐπεὶ</em></strong></span> <span class='ocrx_word' id='word_1_200' title='bbox 1759 2731 1883 2814; x_wconf 75' lang='grc' dir='ltr'><em>γὰρ</em></span> 
     </span>
    </p>
   </div>
   <div class='ocr_carea' id='block_1_9' title="bbox 179 2841 532 2846">
    <p class='ocr_par' dir='ltr' id='par_1_14' title="bbox 179 2841 532 2846">
     <span class='ocr_line' id='line_1_31' title="bbox 179 2841 532 2846; baseline 0 0"><span class='ocrx_word' id='word_1_201' title='bbox 179 2841 532 2846; x_wconf 95' lang='lat' dir='ltr'><strong><em> </em></strong></span> 
     </span>
    </p>
   </div>
   <div class='ocr_carea' id='block_1_10' title="bbox 181 2886 1875 3006">
    <p class='ocr_par' dir='ltr' id='par_1_15' title="bbox 181 2886 1875 3006">
     <span class='ocr_line' id='line_1_32' title="bbox 298 2886 1864 2947; baseline 0.001 -16"><span class='ocrx_word' id='word_1_202' title='bbox 298 2892 337 2932; x_wconf 94' lang='grc'><strong><em>1.</em></strong></span> <span class='ocrx_word' id='word_1_203' title='bbox 371 2889 470 2947; x_wconf 88' lang='grc' dir='ltr'><em>νγ’]</em></span> <span class='ocrx_word' id='word_1_204' title='bbox 504 2903 591 2933; x_wconf 89' lang='lat' dir='ltr'><strong><em>om.</em></strong></span> <span class='ocrx_word' id='word_1_205' title='bbox 625 2903 667 2945; x_wconf 82' lang='lat' dir='ltr'><strong><em>V,</em></strong></span> <span class='ocrx_word' id='word_1_206' title='bbox 701 2888 775 2941; x_wconf 81' lang='grc' dir='ltr'><strong><em>ξδ’</em></strong></span> <span class='ocrx_word' id='word_1_207' title='bbox 801 2888 856 2945; x_wconf 89' lang='lat' dir='ltr'><strong><em>V,</em></strong></span> <span class='ocrx_word' id='word_1_208' title='bbox 889 2888 963 2947; x_wconf 81' lang='grc' dir='ltr'><strong><em>ξβ’</em></strong></span> <span class='ocrx_word' id='word_1_209' title='bbox 990 2903 1049 2933; x_wconf 89' lang='lat' dir='ltr'><strong><em>m.</em></strong></span> <span class='ocrx_word' id='word_1_210' title='bbox 1084 2894 1109 2932; x_wconf 84' lang='lat'><strong>2</strong></span> <span class='ocrx_word' id='word_1_211' title='bbox 1141 2888 1249 2933; x_wconf 74' lang='lat' dir='ltr'><strong>Vat.</strong></span> <span class='ocrx_word' id='word_1_212' title='bbox 1380 2892 1419 2932; x_wconf 82' lang='lat'><strong><em>2.</em></strong></span> <span class='ocrx_word' id='word_1_213' title='bbox 1455 2886 1627 2946; x_wconf 79' lang='grc' dir='ltr'><em>ἔγγιον]</em></span> <span class='ocrx_word' id='word_1_214' title='bbox 1662 2902 1775 2932; x_wconf 81' lang='lat' dir='ltr'>corr,</span> <span class='ocrx_word' id='word_1_215' title='bbox 1809 2899 1864 2932; x_wconf 78' lang='lat' dir='ltr'><strong><em>ex</em></strong></span> 
     </span>
     <span class='ocr_line' id='line_1_33' title="bbox 181 2945 1875 3006; baseline 0.001 -16"><span class='ocrx_word' id='word_1_216' title='bbox 181 2945 359 3004; x_wconf 80' lang='grc' dir='ltr'><em>ἔγγειον</em></span> <span class='ocrx_word' id='word_1_217' title='bbox 390 2948 446 3003; x_wconf 89' lang='lat' dir='ltr'><strong><em>V,</em></strong></span> <span class='ocrx_word' id='word_1_218' title='bbox 479 2950 533 2992; x_wconf 69' lang='lat' dir='ltr'><strong><em>ub</em></strong></span> <span class='ocrx_word' id='word_1_219' title='bbox 555 2947 636 2992; x_wconf 85' lang='lat' dir='ltr'>lin.</span> <span class='ocrx_word' id='word_1_220' title='bbox 664 2951 703 2991; x_wconf 89' lang='grc'><strong><em>6.</em></strong></span> <span class='ocrx_word' id='word_1_221' title='bbox 840 2952 880 2992; x_wconf 89' lang='grc'><strong><em>4.</em></strong></span> <span class='ocrx_word' id='word_1_222' title='bbox 917 2948 1122 3004; x_wconf 77' lang='grc' dir='ltr'><strong><em>ὁρᾶσθαι</em></strong></span> <span class='ocrx_word' id='word_1_223' title='bbox 1152 2962 1194 2992; x_wconf 81' lang='lat' dir='ltr'><strong><em>V.</em></strong></span> <span class='ocrx_word' id='word_1_224' title='bbox 1320 2951 1357 2990; x_wconf 83' lang='lat'><strong><em>7.</em></strong></span> <span class='ocrx_word' id='word_1_225' title='bbox 1390 2954 1472 2991; x_wconf 86' lang='grc' dir='ltr'><strong><em>τοῦ</em></strong></span> <span class='ocrx_word' id='word_1_226' title='bbox 1498 2947 1635 3006; x_wconf 68' lang='lat' dir='ltr'>(alb.)]</span> <span class='ocrx_word' id='word_1_227' title='bbox 1669 2961 1781 2992; x_wconf 85' lang='lat' dir='ltr'>corr,</span> <span class='ocrx_word' id='word_1_228' title='bbox 1808 2947 1875 2991; x_wconf 55' lang='grc' dir='ltr'><strong><em>εἰ</em></strong></span> 
     </span>
    </p>
   </div>
  </div>
 </body>
</html>
