1904 3184
143 61 250 115 162
494 64 844 108 OPTICORUM
875 65 1174 109 RECENSIO
1207 67 1486 110 THEONIS.

139 181 487 237 πιπτέτωσαν
526 183 742 248 ἀκτῖνες
779 186 841 238 αἱ
875 188 1002 254 ΚΒ,
1034 189 1177 255 ΚΗ,
1208 189 1340 257 ΚΖ,
1371 189 1506 256 ΚΔ,
1537 190 1675 257 ΚΝ,
1707 191 1765 241 K
1770 194 1842 259 A,

136 271 229 326 καὶ
278 271 695 342 ἐπεζεύχθωσαν
741 275 803 327 αἱ
837 277 989 343 ΚΜ,
1028 275 1160 344 ΚΞ,
1200 278 1326 329 ΚΟ.
1416 275 1531 330 ἐπεὶ
1579 273 1682 332 οὖν
1730 278 1836 332 ἀπὸ
1899 292 1904 333 2

136 360 538 433 μετεωροτέρου
578 370 677 416 τοῦ
717 366 776 416 Κ
810 362 898 417 ἐπὶ
936 365 998 418 τὸ
1037 369 1111 418 Μ
1142 363 1451 430 ἐπέζευκται
1489 364 1522 434 ἡ
1555 369 1612 418 K
1618 370 1699 435 M,
1739 369 1834 420 κοί-
1898 351 1904 438 2³

135 456 300 514 θετος
338 454 445 521 ἄρα
485 450 636 505 ἐστὶν
683 450 770 505 ἐπὶ
809 454 910 522 τὴν
948 457 1090 506 ΜΛ.
1160 453 1363 523 ὁμοίως
1402 455 1472 524 δὴ
1514 453 1609 508 καὶ
1647 456 1680 525 ἡ
1719 459 1777 508 K
1790 443 1904 536 Ξ]

78 547 104 587 5
138 538 227 593 ἐπὶ
266 542 367 610 τὴν
405 544 549 610 ΗΝ,
589 540 622 610 ἡ
663 538 724 594 δὲ
763 545 875 595 ΚΟ
914 540 1001 595 ἐπὶ
1041 544 1142 612 τὴν
1173 546 1292 596 ΒΔ.
1366 543 1688 614 ὀρθογώνια
1727 546 1836 615 ἄρα
1898 539 1904 615 i

136 627 251 682 ἐστὶ
296 629 363 682 τὰ
401 633 614 698 ΚΜΛ,
654 630 866 700 ΚΞΝ,
905 634 961 684 Κ
970 636 1073 685 ΟΔ
1122 634 1380 701 τρίγωνα.
1462 636 1559 686 καί
1604 632 1753 687 ἐστιν
1800 634 1832 702 ἡ

134 716 235 789 μὲν
267 719 385 779 ΞΝ
416 726 482 789 τῇ
514 723 642 772 ΜΛ
681 724 794 789 ἴση·
833 723 1408 792 παραλληλόγραμμον
1440 722 1545 792 γὰρ
1578 724 1640 776 τὸ
1672 727 1830 777 ΜΝ·

135 806 361 879 ἑκατέρα
400 805 461 862 δὲ
501 817 613 862 τῶν
653 808 783 873 ΞΚ,
823 812 949 863 ΚΝ
987 813 1186 879 μείζων
1226 809 1376 864 ἐστὶν
1425 809 1681 882 ἑκατέρας
1718 821 1833 866 τῶν

134 900 286 966 ΜΚ,
326 899 454 950 ΚΛ.
531 901 728 967 μείζων
773 900 880 969 ἄρα
926 897 1018 952 καὶ
1055 902 1232 968 γωνία
1278 900 1310 969 ἡ
1350 899 1459 954 ὑπὸ
1498 903 1690 954 ΜΚΛ
1734 909 1831 970 τῆς

48 993 103 1034 10
134 985 243 1040 ὑπὸ
291 986 477 1046 ΞΚΝ.
570 990 754 1057 μεῖζον
799 989 906 1058 ἄρα
952 988 1262 1058 ὀφθήσεται
1308 987 1401 1043 καὶ
1447 990 1509 1043 τὸ
1556 993 1684 1043 ΜΛ
1729 998 1829 1043 τοῦ

137 1075 276 1136 ΞΝ·
333 1075 535 1146 ὁμοίως
580 1075 672 1130 καὶ
718 1078 780 1131 τὸ
823 1081 951 1131 ΖΜ
988 1085 1087 1131 τοῦ
1126 1078 1254 1138 ΗΞ.
1333 1079 1470 1132 ὥστε
1519 1077 1610 1132 καὶ
1658 1079 1756 1148 ὄλη
1796 1079 1830 1148 ἡ

138 1168 246 1217 ΖΛ
285 1165 415 1234 ὅλης
453 1173 551 1235 τῆς
587 1169 719 1219 ΗΝ
754 1169 952 1235 μείζων
990 1170 1262 1237 φαίνεται.
1340 1168 1433 1220 διὰ
1474 1168 1541 1221 τὰ
1580 1167 1720 1221 αὐτὰ
1761 1169 1831 1238 δὴ
1892 1165 1895 1170 “

134 1251 225 1307 καὶ
272 1254 305 1323 ἡ
345 1258 477 1308 ΗΝ
517 1263 613 1324 τῆς
652 1258 769 1309 ΒΔ.
840 1255 1176 1325 ἀνισοπλατῆ
1224 1258 1331 1326 ἄρα
1377 1255 1469 1310 καὶ
1519 1257 1664 1311 οὕτω
1705 1261 1835 1327 φαί-
1880 1279 1886 1282 ·

135 1362 287 1396 νεται
327 1343 392 1396 τὰ
431 1343 648 1414 μεγέθη.

47 1439 101 1479 15
466 1503 471 1507 .
955 1433 1015 1499 ζ’.
1888 1413 1904 1535 ξ

256 1522 336 1574 Τὰ
376 1520 464 1575 ε’πὶ
504 1530 599 1591 τῆς
631 1522 799 1593 αὐτῆς
838 1523 1062 1587 εὐθείας
1093 1525 1227 1577 ὄντα
1260 1529 1351 1577 ἴσα
1383 1523 1589 1594 μεγέθη
1618 1543 1833 1597 πορρω-
1891 1543 1904 1604 3·

135 1609 274 1681 τέρω
316 1609 571 1679 ἀλλήλων
611 1610 842 1666 τεθέντα
881 1614 1046 1666 ἄνισα
1086 1615 1357 1682 φαίνεται.
1887 1618 1901 1689 3'

248 1702 384 1754 ἔστω
426 1700 529 1770 γὰρ
572 1705 662 1767 ἴσα
701 1700 908 1771 μεγέθη
955 1703 1022 1754 τὰ
1062 1704 1180 1771 ΒΓ,
1221 1707 1276 1755 Δ
1289 1706 1357 1771 Ζ,
1405 1704 1552 1773 ὄμμα
1594 1700 1655 1756 δὲ
1694 1705 1833 1757 ἔστω
1889 1726 1897 1755 ι.

134 1790 196 1843 τὸ
237 1791 315 1858 Κ,
368 1787 460 1842 καὶ
509 1789 614 1843 ἀπὸ
662 1797 762 1844 τοῦ
809 1792 1049 1860 ὄμματος
1095 1798 1195 1843 τοῦ
1242 1793 1299 1843 Κ
1341 1790 1840 1861 προσπιπτέτωσαν
1885 1805 1903 1837 ³

46 1884 104 1925 20
138 1879 293 1943 ὄψεις
339 1879 400 1931 αι
446 1881 581 1948 KB,
620 1882 753 1949 ΚΓ,
791 1882 931 1949 ΚΛ,
971 1883 1105 1933 KZ·
1163 1880 1308 1951 ὀρθὴ
1358 1877 1418 1934 δὲ
1465 1883 1601 1934 ἔστω
1649 1881 1682 1950 ἡ
1727 1880 1837 1935 ὑπὸ
1887 1872 1892 1876 ’

136 1970 306 2021 ΚΖΒ
348 1971 539 2035 γωνία.
602 1968 809 2022 οὐκοῦν
848 1972 1045 2038 μείζων
1085 1967 1237 2023 ἐστὶν
1271 1969 1304 2038 ἡ
1338 1973 1396 2022 Σ
1430 1972 1606 2038 γωνία
1637 1978 1732 2040 τῆς
1767 1974 1835 2024 Φ.

148 2057 287 2110 ὥστε
341 2055 432 2111 καὶ
478 2056 511 2125 ἡ
558 2062 614 2110 Δ
625 2061 670 2111 Ζ
725 2061 921 2128 μείζων
969 2060 1273 2128 φανήσεται
1320 2066 1416 2128 τῆς
1464 2061 1580 2113 ΓΒ.
1671 2060 1837 2113 ἄνισα
1885 2083 1896 2104 1

143 2147 250 2216 ἄρα
290 2149 545 2216 φαίνεται
585 2148 651 2200 τὰ
689 2150 810 2217 ΒΓ,
841 2153 897 2201 Δ
909 2151 954 2201 Ζ
992 2146 1214 2218 μεγέθη.

261 2283 301 2322 2.
336 2279 459 2338 ΚΞ]
494 2292 607 2323 corr.
642 2292 698 2322 ex
731 2282 821 2323 KZ
851 2294 911 2323 m.
945 2293 1032 2324 rec.
1068 2279 1121 2324 V.
1265 2283 1303 2324 3.
1338 2278 1459 2322 Ante
1492 2277 1696 2331 κάθετος
1726 2279 1834 2325 add.

138 2337 166 2394 ἡ
202 2341 316 2382 ΚΜ
340 2353 399 2382 m.
434 2351 524 2383 rec.
557 2338 613 2394 V,
652 2337 779 2382 idem
809 2341 919 2396 post
951 2337 1074 2384 ἐστίν
1107 2338 1204 2414 ψῃ.
1239 2342 1283 2396 4)
1314 2353 1373 2383 m.
1409 2343 1435 2382 2
1467 2353 1509 2383 v.
1637 2343 1677 2383 4.
1712 2339 1835 2398 ΜΛ]
1874 2364 1878 2371 ·

143 2411 285 2454 supra
318 2411 401 2442 scr.
442 2401 476 2442 Z
506 2413 566 2441 m.
594 2403 619 2441 2
651 2412 693 2441 v.
803 2403 841 2442 6.
877 2397 998 2457 ἐστι’]
1034 2398 1156 2443 ἐστιν
1187 2398 1281 2442 Vv.
1389 2401 1428 2442 8.
1463 2399 1617 2454 μεῖζον
1649 2413 1690 2442 v.
1793 2403 1834 2443 9.

139 2458 299 2512 μεῖζον
332 2472 374 2513 v,
409 2471 523 2502 corr.
555 2472 614 2501 m.
651 2462 689 2501 2.
809 2463 882 2516 20.
917 2459 1072 2515 μεῖζον
1105 2485 1160 2491 -
1196 2463 1264 2501 11.
1299 2457 1420 2515 ΗΞ]
1455 2471 1542 2502 om.
1569 2457 1660 2502 Vv.
1764 2461 1832 2502 11.
1903 2463 1904 2467 ’

143 2517 269 2589 ΖΜ]
303 2517 415 2565 ΞΜ
437 2531 481 2573 p.
576 2517 700 2575 ΗΞ]
722 2519 834 2591 θΠΞ
859 2532 903 2590 13.
999 2522 1066 2590 13⁹».
1100 2517 1181 2562 καὶ
1207 2515 1344 2576 οὕτω]
1378 2517 1576 2562 om.Vv.
1673 2521 1741 2561 14.
1774 2515 1835 2560 τὰ

136 2576 1248 2694 2332?AE2232112502202’355'50255‘535ffl.3⁴³3·
1282 2589 1460 2679 mprssssss
1490 2575 1834 2680 refigiasgffilaf

137 2694 220 2738 καὶ
259 2694 426 2739 ἄνισον
466 2695 737 2753 διεστηκότα
776 2703 859 2739 τοῦ
897 2695 1101 2752 ὄμματος
1138 2711 1197 2740 m.
1231 2700 1257 2739 2
1289 2709 1331 2740 v.
1486 2700 1554 2739 21.
1595 2696 1750 2751 μεῖζον
1787 2709 1832 2738 v,

199 2758 270 2798 22.
304 2756 461 2810 μεῖζον
493 2770 535 2798 v.
646 2760 713 2799 23.
747 2754 861 2799 Post
893 2753 1070 2813 μεγέθη
1104 2755 1210 2799 add.
1243 2754 1301 2798 τὰ
1333 2754 1425 2811 ἄρα
1458 2752 1534 2798 ἴσα
1567 2752 1742 2827 μεγέθη
1774 2752 1834 2797 τὰ

138 2811 216 2856 ἐπὶ
247 2819 328 2870 τῆς
360 2815 503 2871 αὐτῆς
536 2812 728 2866 εὐθείας
762 2813 875 2859 ὄντα
908 2816 1203 2871 πορρώτερον
1235 2813 1441 2871 ἀλλήλων
1465 2816 1666 2859 τεθεντα
1691 2813 1832 2858 ἄνισα
1863 2837 1867 2854 ι

134 2869 355 2928 φαίνεται
385 2888 444 2918 m.
477 2886 565 2918 rec.
599 2873 653 2918 V.
