1904 3184
85 1113 139 1153 10

82 1559 135 1599 15

79 2005 137 2044 20

78 2450 134 2489 25

181 153 250 206 10
746 153 1031 195 EUCLIDIS
1063 153 1293 197 οΡΤῙοΑ,

173 274 342 328 πάλιν
382 272 497 327 ἐπεὶ
535 275 732 342 μείζων
771 273 804 342 ἡ
842 272 951 325 ὑπὸ
990 276 1167 326 ΖΕΗ
1198 275 1374 340 γωνία
1413 280 1509 342 τῆς
1545 273 1654 327 ὑπὸ
1700 278 1871 328 ΘΕΚ

173 366 395 432 γωνίας,
427 365 626 432 μείζων
657 365 765 431 ἄρα
788 360 937 430 καὶὴ
965 364 1086 414 ΖΗ
1108 369 1206 430 τῆς
1234 365 1347 414 ΘΚ
1373 365 1644 431 φαίνεται.
1683 367 1867 433 μεῖζον

174 454 281 523 ἄρα
312 453 374 505 τὸ
406 449 507 521 μὲν
538 456 644 505 ΒΔ
684 451 955 520 διάστημα
986 458 1085 503 τοῦ
1113 454 1242 520 ΖΗ,
1281 452 1343 504 τὸ
1376 447 1437 504 δὲ
1471 455 1591 504 ΖΗ
1613 459 1713 504 τοῦ
1742 455 1863 505 ΘΚ.

174 540 358 594 οὐκέτι
398 537 502 595 οὖν
541 541 852 610 ὀφθήσεται
889 539 1214 610 παράλληλα
1254 540 1389 592 ὄντα
1427 540 1494 592 τὰ
1526 541 1865 610 διαστήματα

175 629 260 683 ἐπ’
297 636 442 699 ἴσης,
483 628 602 682 ἀλλ’
640 629 994 696 ἀνισοπλατῆ,

287 748 375 802 ἐπὶ
421 757 534 801 τῶν
582 746 641 800 ἐν
680 747 932 819 μετεώρῳ
971 744 1239 814 κειμένων
1278 747 1665 816 διαστημάτων
1702 753 1865 801 καθι-

172 837 321 892 έσθω
363 837 468 891 ἀπὸ
503 843 604 889 τοῦ
636 841 690 888 A
729 837 957 905 σημείου
998 833 1085 887 ἐπὶ
1117 835 1178 887 τὸ
1210 834 1573 905 ὑποκείμενον
1605 836 1865 890 ἐπίπεδον

170 929 406 989 κάθετος
443 926 476 995 ἡ
509 931 563 979 Α
572 930 644 995 Β,
689 924 782 978 καὶ
820 927 1065 978 ἔστωσαν

169 1017 512 1088 παράλληλοι
536 1015 598 1068 αί
619 1014 740 1083 ΛΞ,
764 1017 900 1083 ΚΝ,
929 1017 1062 1069 ΘΜ

170 1105 336 1175 λέγω,
386 1106 470 1158 ὅτι
515 1102 608 1157 καὶ
654 1104 831 1166 οὕτως
877 1103 1064 1157 ἀνισο-

168 1200 344 1264 πλατῆ
392 1196 646 1264 φαίνεται
692 1194 759 1246 τὰ
807 1196 924 1261 ΓΔ,
957 1197 1062 1246 ΕΖ

169 1284 391 1354 μεγέθη.
470 1285 628 1352 ἤχθω
674 1282 909 1345 κάθετος
955 1282 1061 1335 ἀπὸ

168 1381 268 1427 τοῦ
316 1377 363 1426 Β
418 1371 506 1426 ἐπὶ
555 1373 657 1441 τὴν
704 1370 816 1433 ΛΞ
864 1371 896 1440 ἡ
945 1375 1061 1440 ΒΡ,

167 1461 260 1515 καὶ
314 1461 667 1531 ἐκβεβλήσθω
723 1461 756 1530 ἡ
812 1464 919 1513 ΒΡ
973 1459 1061 1513 ἐπὶ

167 1552 229 1604 τὸ
251 1555 314 1619 0,
338 1549 430 1603 καὶ
453 1548 944 1620 προσπιπτέτωσαν
968 1549 1061 1603 ἀκ-

166 1651 312 1703 τῖνες
351 1640 412 1692 αἱ
446 1643 570 1708 ΑΛ,
601 1642 739 1707 ΑΚ,
771 1642 900 1706 ΑΘ,
935 1639 1060 1708 ΛΞ,

166 1733 303 1798 AN,
334 1732 478 1797 AM,
509 1726 601 1781 καὶ
648 1727 1062 1797 ἐπεζεύχθωσαν

167 1819 229 1870 αἱ
263 1821 386 1886 ΛΡ,
424 1821 560 1885 ΛΠ,
601 1821 727 1871 ΑΟ.
804 1815 919 1870 ἐπεὶ
958 1814 1061 1871 οὖν

168 1906 273 1960 ἀπὸ
297 1905 700 1978 μετεωροτέρου
726 1909 953 1975 σημείου
977 1912 1077 1959 τοῦ
1102 1910 1156 1958 Α
1180 1903 1268 1958 ε’πὶ
1292 1906 1394 1974 τὴν
1418 1905 1525 1966 ΡΞ
1553 1903 1866 1969 ε’πέζευκταί

167 2015 251 2058 τις
297 1995 490 2048 εὐθεῖα
535 1994 569 2063 ἡ
610 1998 738 2063 ΑΡ,
792 1994 826 2063 ἡ
877 1999 989 2047 ΑΡ
1036 1996 1142 2065 ἄρα
1190 1992 1278 2047 ἐπὶ
1323 1995 1425 2063 τὴν
1472 1993 1579 2055 ΡΞ
1625 1994 1861 2057 κάθετός

167 2084 335 2153 ἐστιν,
373 2082 466 2137 καὶ
497 2084 531 2154 ἡ
556 2087 668 2137 ΛΟ
708 2082 796 2136 ἐπὶ
827 2085 928 2152 τὴν
960 2086 1096 2152 OM,
1135 2081 1227 2135 καὶ
1258 2082 1292 2151 ἡ
1317 2087 1444 2136 ΑΠ
1477 2081 1565 2136 ἐπὶ
1595 2084 1697 2152 τὴν
1719 2086 1858 2136 ΠΝ.

166 2173 487 2244 ὀρθογώνια
526 2174 632 2243 ἄρα
672 2171 787 2226 ἐστὶ
826 2173 893 2225 τὰ
931 2171 1107 2241 ΑΡΞ,
1140 2176 1343 2241 ΑΠΝ,
1376 2177 1429 2225 A
1441 2176 1571 2225 OM
1600 2174 1858 2243 τρίγωνα.

169 2260 283 2315 ἐπεὶ
324 2258 427 2316 οὗν
467 2261 789 2333 ὀρθογώνια
828 2261 960 2330 ἐστι,
998 2263 1096 2314 καί
1123 2260 1274 2314 ἐστιν
1305 2260 1338 2329 ἡ
1370 2258 1471 2330 μὲν
1501 2265 1632 2314 ΠΝ
1662 2269 1726 2331 τῇ
1760 2259 1863 2321 ΡΞ

169 2355 283 2420 ἴση,
330 2350 364 2419 ἡ
405 2347 466 2403 δὲ
505 2355 617 2403 ΠΑ
663 2358 760 2419 τῆς
797 2353 910 2403 ΑΡ
948 2353 1169 2419 μείζων,
1217 2352 1413 2419 μείζων
1461 2351 1568 2421 ἄρα
1610 2351 1785 2417 γωνία
1823 2348 1856 2418 ἡ

165 2439 274 2493 ὑπὸ
315 2439 482 2501 ΞΑΡ
512 2447 608 2509 τῆς
645 2439 753 2492 ὑπὸ
789 2442 981 2492 ΠΑΝ.
1051 2442 1234 2508 μεῖζον
1274 2440 1380 2510 ἄρα
1417 2436 1509 2491 καὶ
1547 2438 1856 2507 ὀφθήσεται

165 2530 227 2582 τὸ
267 2529 374 2590 ΡΞ
410 2536 509 2581 τοῦ
549 2531 686 2581 ΠΝ.
757 2527 959 2597 ὁμοίως
996 2526 1088 2580 καὶ
1125 2529 1187 2581 τὸ
1228 2531 1325 2580 ΡΛ
1361 2534 1461 2579 τοῦ
1501 2530 1626 2580 HK
1658 2530 1856 2596 μεῖζον.

167 2618 298 2670 ὅλον
353 2619 459 2689 ἄρα
510 2618 572 2670 τὸ
628 2616 740 2677 ΛΞ
790 2617 922 2670 ὅλου
975 2624 1076 2669 τοῦ
1122 2619 1248 2670 ΚΝ
1295 2615 1604 2685 ὀφθήσεται
1657 2619 1855 2685 μεῖζον.

167 2704 503 2776 ἀνισοπλατῆ
544 2707 650 2777 ἄρα
688 2704 781 2759 καὶ
820 2705 996 2768 οὕτως
1034 2705 1345 2775 ὀφθήσεται
1382 2705 1450 2757 τὰ
1487 2703 1711 2774 μεγέθη.

286 2901 325 2940 3.
367 2895 576 2953 διάδημα
607 2912 648 2953 v,
690 2897 772 2940 sed
804 2910 916 2941 corr,
1071 2901 1108 2940 6.
1151 2895 1191 2948 ζ’
1223 2894 1498 2939 VVat.Bm.
1653 2898 1692 2938 9.
1734 2893 1852 3011 Alfiq

166 2959 254 2999 ΛΖ
285 2971 327 3001 v.
436 2961 504 2999 10.
538 2954 644 3014 καί]
679 2970 766 3000 om.
799 2956 854 3000 V.
963 2960 1030 2999 12.
1065 2953 1288 3013 κάθετος]
1322 2954 1371 2997 in
1402 2968 1491 2997 ras,
1525 2968 1567 2999 v.
1677 2958 1744 2997 15.
1779 2952 1830 2997 τό
1900 2961 1904 2993 2
