1904 3184
291 739 647 804 Ἀποδεικνὺς
684 741 751 793 τὰ
790 741 927 793 κατὰ
964 742 1067 810 τὴν
1106 739 1240 804 ὄψιν
1270 743 1630 810 παραμυθίας
1669 739 1880 811 ἐκόμιζέ

185 850 341 894 τινας
378 832 986 901 προσεπιλογιζόμενος,
1027 830 1171 884 διότι
1211 829 1329 884 κατ’
1366 830 1590 894 εὐθείας
1627 832 1880 901 γραμμὰς

183 927 296 973 πᾶν
334 929 455 989 φῶς
493 917 733 991 φέρεται.
796 929 1024 990 σημεῖον
1063 917 1123 973 δὲ
1155 921 1356 973 τούτου
1396 918 1656 990 μέγιστον
1694 920 1790 984 τάς
1821 941 1878 975 τε

186 1008 292 1063 ἀπὸ
331 1018 444 1062 τῶν
475 1008 746 1079 σωμάτων
777 1007 1293 1080 ἄπορριπτουμένας
1327 1010 1484 1072 σκιὰς
1520 1007 1612 1063 καὶ
1643 1010 1741 1074 τὰς
1771 1009 1887 1066 ἀπὸ.

128 1110 154 1150 5
186 1107 299 1151 τῶν
343 1099 603 1170 θυρίδων
641 1118 698 1151 τε
743 1095 835 1151 καὶ
884 1097 1038 1151 ὀπῶν
1084 1096 1394 1169 φερομένας
1439 1098 1614 1167 αὐγὰς
1658 1102 1861 1169 κομίζει

183 1186 416 1241 ἕκαστον
470 1185 530 1241 δὲ
584 1188 798 1241 τούτων
854 1187 955 1241 οὐκ
1009 1186 1080 1241 ἂν
1134 1186 1403 1257 ἐγίγνετο,
1464 1187 1716 1258 καθάπερ
1771 1196 1880 1243 νῦν

182 1281 478 1347 θεωρεῖται
530 1278 886 1346 γιγνόμενον,
947 1280 1099 1347 εἴπερ
1153 1277 1227 1346 μὴ
1290 1276 1353 1329 αί
1402 1275 1508 1331 ἀπὸ
1563 1285 1663 1331 τοῦ
1716 1277 1840 1347 ἡλίο

184 1367 485 1437 φερόμεναι
532 1364 747 1428 ἀκτῖνες
792 1365 930 1418 κατά
969 1384 1125 1429 τινας
1170 1365 1395 1429 εὐθείας
1432 1364 1712 1437 ἐφέροντο.
1790 1367 1856 1422 ἐπ

184 1475 240 1509 τε
279 1465 392 1509 τῶν
429 1453 562 1526 παρ’
595 1454 729 1525 ἡμῖν
767 1464 963 1526 πυρῶν
1001 1455 1099 1519 τὰς
1131 1454 1602 1525 ἀποστελλομένας
1640 1459 1843 1527 ἔφασκε

97 1556 153 1596 10
185 1544 360 1613 αὐγὰς
398 1546 577 1607 αἰτίας
614 1540 757 1598 εἶναι
797 1552 897 1598 τοῦ
936 1564 994 1598 τε
1033 1547 1376 1613 φωτίζεσθαί
1402 1565 1526 1599 τινα
1562 1555 1674 1599 τῶν
1703 1564 1852 1617 παρα

182 1633 451 1703 κειμένων
490 1634 759 1704 σωμάτων
796 1632 889 1687 καὶ
920 1633 1281 1705 ἀπορρίπτειν
1312 1635 1469 1698 σκιὰς
1499 1635 1597 1699 τὰς
1627 1633 1728 1705 μὲν
1757 1641 1848 1690 ἴσα

183 1732 300 1786 τοῖς
351 1722 734 1793 ὑποκειμένοις
788 1723 1029 1793 σώμασι,
1082 1723 1179 1786 τὰς
1226 1720 1286 1776 δὲ
1333 1725 1610 1794 μείζονας,
1665 1725 1762 1788 τὰς
1815 1725 1848 1779 δ
1893 1788 1897 1790 ἡ

185 1811 486 1875 ἐλασσονας
530 1821 644 1865 τῶν
689 1811 1067 1882 ὑποκειμένων
1114 1812 1399 1882 σωματων.
1483 1811 1575 1867 καὶ
1615 1818 1738 1877 ἴσας
1774 1811 1840 1884 μὲ

183 1899 543 1972 ἀπορρίπτειν
574 1901 747 1971 σκιας,
780 1901 882 1954 ὅσα
913 1881 1360 1971 τοΐςὲφωτίζουσι
1390 1887 1610 1983 πυροῖςζ
1622 1907 1713 1957 ἴσα
1745 1902 1904 2000 ιε’στίζὲΕ

98 2001 153 2042 15
185 2010 283 2053 τας
327 2009 386 2043 τε
433 1989 663 2060 ε’σχατας
708 1989 933 2054 ἀκτῖνας
979 1989 1067 2044 ἐπὶ
1112 1992 1327 2045 τούτων
1373 1994 1700 2062 συμβαίνειν
1738 2002 1904 2064 παρῗ,1

183 2080 458 2148 αλλήλους
480 2082 774 2148 γίγνεσθαι
805 2078 898 2133 καὶ
921 2081 1054 2150 μήτε
1078 2081 1465 2144 συναπτούσας
1488 2081 1659 2144 αὐτὰς
1681 2089 1840 2151 μειοῦ
1887 2039 1904 2149 Ε

181 2169 283 2238 τὴν
330 2169 491 2222 σκιὰν
536 2169 671 2238 μήτε
716 2170 826 2239 μὴν
874 2167 1279 2239 ἐξαπλουμένας
1324 2168 1537 2239 αὔξειν,
1588 2169 1710 2225 ἀλλ’
1753 2164 1840 2226 οἷό
1896 2159 1898 2164 ’

183 2256 298 2310 ἐστι
352 2258 415 2311 τὸ
471 2256 878 2328 ἐπιπροσθοῦν,
931 2259 1195 2327 τοιαύτην
1248 2257 1340 2312 καὶ
1394 2266 1491 2328 τῆς
1537 2267 1694 2323 σκιᾶς
1740 2268 1879 2331 συμοζ

92 2446 151 2487 20
182 2437 347 2505 εἰσιν,
403 2436 537 2490 ὅταν
581 2437 649 2489 τα
668 2416 1004 2508 ἓφωτίζοντα
1049 2437 1225 2513 πυρὰς
1245 2439 1466 2506 μείζονα
1511 2432 1571 2509 ᾗ·
1624 2438 1721 2501 τὰς
1766 2458 1837 2507 γα

181 2349 410 2417 μετρίαν
441 2347 771 2416 φυλασσειν·
805 2346 1096 2411 ἐλάσσονες
1120 2345 1182 2401 δὲ
1204 2357 1318 2402 τῶν
1341 2348 1613 2418 σωμάτων
1643 2350 1706 2403 αἱ
1725 2341 1889 2586 auu}

183 2523 410 2594 ἐσχατας
442 2523 666 2587 ἀκτῖνας
697 2527 1028 2594 συμπίπτειν
1060 2522 1301 2587 ἑαυταῖς·
1342 2525 1430 2578 διὸ
1464 2525 1532 2594 δὴ
1564 2524 1655 2579 καὶ
1679 2545 1837 2596 μειου

1848 2582 1868 2619 ι

1848 2637 1866 2694 ,4

306 2744 376 2789 Τὰ
406 2745 496 2801 πρὸ
527 2753 619 2790 τῶν
653 2742 910 2790 Εὐκλείδου
943 2745 1146 2791 ὀπτικῶν
1176 2745 1258 2802 Vp
1267 2760 1308 2790 v,
1404 2750 1444 2790 1.
1477 2745 1591 2789 Post
1622 2745 1737 2802 ὄψιν
1763 2740 1878 2794 add.

182 2804 207 2849 ὁ
241 2802 498 2862 Εὐκλείδης
528 2820 587 2848 m.
621 2818 709 2850 rec
742 2805 798 2849 V.
921 2804 1120 2863 ἐκόμιζε]
1159 2806 1273 2849 mut.
1306 2803 1356 2847 in
1390 2802 1565 2878 κομίζει
1599 2820 1659 2849 m.
1691 2818 1781 2849 ree.
1814 2798 1877 2849 V.

242 2869 283 2908 2
317 2822 471 2922 διότι]
491 2865 560 2908 δι-
593 2863 683 2908 del.
715 2879 775 2908 m.
801 2877 889 2909 ree.
914 2864 971 2908 V.
1085 2869 1126 2908 4.
1159 2861 1618 2923 ἀπορριπτουμένας]
1652 2881 1720 2922 γρ.
1747 2881 1823 2921 γιν

181 2921 325 2979 μένας
347 2939 407 2967 m.
432 2936 522 2967 ree.
539 2923 594 2980 V,
620 2922 1028 2980 ἀπορριπτομένας
1050 2938 1094 2981 p.
1189 2929 1258 2968 10.
1291 2923 1360 2982 τε]
1394 2938 1445 2981 γε
1476 2923 1569 2968 Vv.
1665 2928 1734 2968 14.
1759 2923 1825 2968 Po
