1904 3184
0 0 66 225 U
420 99 683 143 SCHOLIA
710 99 778 142 IN
806 99 1092 142 EUCLIDIS
1125 99 1351 144 OPTICA.
1625 98 1726 152 127

0 231 6 318 ’
31 207 301 296 Ιἳηιιήματος·
342 219 456 274 ἐκεῖ
482 217 584 290 μὲν
615 220 721 288 γὰρ
754 217 1054 289 ἐδείκνυεν,
1093 220 1168 283 ὡς
1198 221 1264 273 τὰ
1295 222 1483 289 ἔγγιον
1509 223 1730 291 κείμενα

2 322 7 371 Ι
32 299 429 387 ζ’ᾆαριβέστερον
459 309 671 381 ὁρᾶται,
711 307 957 362 ἐνταῦθα
989 308 1067 379 δέ,
1108 310 1182 374 ὡς
1219 313 1403 381 μεῖζον
1433 311 1495 364 τὸ
1528 314 1728 380 ἔγγιον.

1 433 65 510 ,Γ
156 417 243 470 13.
296 416 521 479 Μείζων
562 410 623 466 δὲ
661 415 837 481 γωνία
883 413 916 482 ἡ
966 413 1074 467 ὑπὸ
1114 419 1280 468 ΑΕΒ
1326 435 1377 486 p.
1410 416 1466 485 8,
1506 415 1600 486 15]
1657 417 1731 479 ὡς

2 521 7 585 1
36 495 388 583 ᾂεριέχουσα·
428 503 496 556 οὐ
534 503 641 574 γὰρ
681 501 752 556 ἂν
788 501 927 574 πέσῃ
966 503 999 572 ἡ
1031 507 1145 556 ΕΓ
1174 504 1312 575 πρὸς
1342 512 1418 578 τῷ
1451 509 1522 574 Α,
1561 505 1636 569 ὡς
1667 505 1727 559 ἐν

3 596 7 666 j
74 649 91 668 ι
151 592 215 663 β’
253 595 507 662 ἤκουσας.
1789 602 1815 642 5

1 683 7 748 ἶ
62 707 66 710 ’
152 698 236 751 14.
295 695 386 751 Ἐν
432 697 685 769 μετεώρῳ
731 715 781 766 p.
827 697 920 768 10,
960 695 1025 766 6]
1079 696 1166 750 ε’πὶ
1220 705 1319 751 τοῦ
1371 700 1479 770 πρὸ
1527 700 1727 753 τούτου

0 851 2 857 ,
110 788 396 857 ωρήματος
433 787 494 839 τὸ
533 783 635 856 μὲν
674 787 820 856 ὄμμα
859 781 953 855 ἦν,
1009 784 1097 856 ἐφ’
1142 786 1171 840 ὃ
1219 786 1479 841 ἐπίπεδον
1523 787 1616 842 καὶ
1661 789 1728 842 τὰ

3 868 34 970 Ἰμ
150 876 358 945 άλληλα
398 876 756 946 διαστήματα,
796 874 1043 929 ἐνταῦθα
1082 873 1143 929 δὲ
1181 878 1242 930 τὸ
1279 878 1424 948 ὄμμα
1463 880 1724 949 μετεωρό-

0 975 33 1046 3⁸⁴·
98 985 201 1038 ρον
239 965 300 1018 ἐν
337 965 591 1037 μετεώρῳ
632 963 816 1018 ὄντων
853 962 947 1017 καὶ
985 974 1099 1018 τῶν
1139 966 1538 1036 διαστημάτων.

38 1126 50 1133 ,
151 1069 234 1123 15.
282 1067 361 1123 Ἡ
383 1073 495 1123 ΑΒ
533 1089 584 1140 p.
621 1070 704 1140 10,
743 1069 801 1139 8]
841 1068 875 1138 ἡ
908 1073 1018 1122 AB
1058 1070 1161 1124 οὐκ
1200 1073 1350 1124 ἔστιν
1381 1071 1548 1141 ἀκτίς,
1587 1071 1726 1125 ἀλλὰ
1758 1077 1814 1118 10

24 1183 34 1196 -·
115 1168 254 1228 εἴα,
301 1159 376 1222 ὡς
415 1158 521 1212 ἀπό
561 1178 713 1223 τινος
752 1161 980 1229 σημείου
1019 1166 1119 1212 τοῦ
1160 1165 1214 1213 Α
1259 1158 1498 1230 ἀγομένη
1539 1158 1628 1213 ε’πὶ
1665 1162 1727 1214 τὸ

56 1248 134 1304 ιὰ
163 1257 275 1302 τῶν
304 1253 360 1302 A
371 1251 431 1317 Γ,
455 1252 562 1302 ΕΖ
598 1248 858 1302 ἐπίπεδον
889 1248 1138 1312 κάθετος.
1202 1249 1404 1319 ὁμοίως
1433 1247 1525 1302 καὶ
1555 1249 1588 1318 ἡ
1620 1254 1674 1302 A
1683 1253 1732 1302 P

188 1337 341 1401 ἀκτίς
390 1337 565 1408 ἐστιν,
621 1337 759 1392 ἀλλὰ
804 1338 1040 1402 κάθετος
1087 1338 1280 1392 εὐθεῖα
1331 1337 1419 1392 ἐπὶ
1465 1340 1566 1408 τὴν
1612 1338 1726 1407 ΡΞ,

34 1463 67 1506 1.,
158 1428 269 1497 μὴν
319 1426 413 1481 καὶ
458 1429 598 1499 πρὸς
650 1429 713 1482 τὸ
765 1427 1025 1482 ἐπίπεδον
1073 1428 1330 1492 κάθετος·
1383 1427 1417 1496 ἡ
1465 1429 1569 1499 γὰρ
1617 1430 1727 1481 ΑΒ

32 1514 92 1584 ξ
124 1535 272 1580 νετος
309 1512 380 1586 ἦν
417 1518 557 1588 πρὸς
595 1519 656 1571 τὸ
695 1517 1060 1588 ὑποκείμενον
1100 1517 1374 1571 ἐπίπεδον.
1760 1521 1815 1562 15

32 1640 41 1653 ⁴
96 1621 199 1677 16.
259 1618 338 1675 Ἡ
376 1625 490 1674 ΑΡ
535 1623 643 1693 ἄρα
697 1619 786 1675 ε’πὶ
839 1623 941 1692 τὴν
987 1622 1091 1683 ΡΞ
1137 1641 1187 1691 p.
1233 1624 1324 1693 10,
1369 1622 1464 1693 20]
1521 1623 1613 1675 διὰ
1666 1624 1727 1676 τὸ

23 1699 263 1780 ’πχθὲν
307 1712 458 1783 παρὰ
503 1719 603 1765 τοῦ
642 1711 887 1766 Πάππου
927 1712 1233 1783 λημμάτιον
1280 1712 1340 1766 ἐν
1386 1722 1501 1776 τοῖς
1547 1714 1625 1775 εἰς
1663 1712 1729 1764 τὰ

73 1809 101 1869 'i
131 1799 254 1853 τἰκὰ
293 1800 625 1854 Εὐκλείδου·
681 1800 778 1855 ἐὰν
817 1801 923 1856 ἀπὸ
955 1803 1232 1874 μετεώρου
1272 1805 1499 1872 σημείου
1540 1800 1628 1855 ἐπὶ
1666 1802 1727 1855 τὸ

45 1887 50 1895 ’
132 1914 138 1935 ι
210 1891 402 1959 ίμενον
448 1889 710 1944 ἐπίπεδον
755 1890 991 1955 κάθετος
1030 1890 1202 1963 ἀχθῇ,
1250 1891 1355 1945 ἀπὸ
1396 1888 1457 1944 δὲ
1494 1897 1594 1944 τοῦ
1635 1904 1729 1959 ση-

142 2002 150 2023 ⁰
198 2018 215 2047 ,
251 1976 383 2032 καθ’
419 1978 449 2032 ὃ
479 1979 815 2049 προσβάλλει
845 1987 921 2053 τῷ
955 1979 1192 2053 ἐπιπέδῳ
1225 1980 1259 2050 ἡ
1291 1979 1541 2049 κάθετος,
1582 1979 1727 2050 ἀχθῇ
1759 1984 1816 2024 20

54 2065 66 2082 ⁴
173 2086 208 2121 ν
237 2067 473 2131 κάθετος
502 2070 641 2139 πρός
665 2088 790 2122 τινα
821 2068 1051 2124 εὐθεῖαν
1084 2069 1144 2124 ἐν
1167 2077 1243 2142 τςό
1271 2068 1506 2142 ἐπιπέδῳ
1537 2065 1728 2137 οὖσαν,

55 2148 69 2171 ⁸
102 2220 107 2224 ,
176 2156 211 2226 ἡ
256 2155 495 2228 ἀγομένη
545 2157 651 2212 ἀπὸ
698 2165 798 2212 τοῦ
836 2160 1115 2230 μετεώρου
1155 2162 1383 2230 σημείου
1432 2156 1515 2212 ἐπ’
1556 2157 1729 2227 αὐτὴν

79 2245 94 2310 ’ζ
131 2263 276 2310 ετος
313 2249 464 2301 ἔσται
506 2246 623 2317 [cfr.
655 2246 874 2318 Pappus
906 2247 1003 2319 VI,
1035 2250 1146 2316 81].

110 2402 114 2405 Δ
156 2350 237 2403 17.
292 2355 516 2417 Μείζων
555 2353 662 2423 ἄρα
701 2355 876 2420 γωνία
913 2372 963 2424 p.
1002 2354 1085 2422 10,
1119 2351 1213 2422 24]
1256 2350 1371 2406 ἐπεὶ
1410 2347 1728 2422 ὀρθογώνιά

24 2445 35 2467 ·'
140 2457 211 2508 ιν,
249 2441 310 2494 αἱ
345 2437 405 2494 δὲ
443 2441 631 2510 βάσεις
671 2446 803 2511 ἴσαι,
841 2443 904 2495 αἰ
938 2439 1000 2495 δὲ
1037 2440 1272 2510 πλευραὶ
1310 2443 1507 2494 ἄνισοι.
1755 2442 1811 2482 25

15 2541 26 2593 Ϊ
67 2517 122 2625 ¹7⁸.
158 2542 241 2597 18.
299 2544 590 2615 Δεικτέον,
644 2556 758 2609 πῶς
803 2548 1000 2616 μείζων
1046 2546 1079 2615 ἡ
1125 2546 1234 2599 ὑπὸ
1275 2545 1440 2606 ΞΑΡ
1479 2550 1574 2612 τῆς
1618 2541 1726 2596 ὑπὸ

320 2631 435 2687 ἐπεὶ
481 2634 804 2705 ὀρθογώνιά
851 2633 964 2688 ἐστι
1010 2636 1077 2688 τὰ
1115 2637 1382 2705 τρίγωνα,
1435 2631 1468 2700 ἡ
1509 2628 1570 2685 δὲ
1609 2635 1728 2684 HA

0 2732 4 2749 ’
54 2762 60 2770 .
116 2745 131 2770 s
163 2724 275 2799 ᾼΡ
297 2726 513 2794 μείζων·
555 2724 830 2795 τριγώνου
863 2724 969 2794 γὰρ
1001 2731 1100 2777 τοῦ
1126 2728 1245 2777 HA
1255 2726 1303 2775 P
1327 2724 1522 2791 μείζων
1554 2722 1727 2788 γωνία

450 2918 519 2959 14.
552 2914 630 2959 V¹.
725 2917 792 2957 15.
827 2912 904 2959 V'.
999 2918 1068 2959 16.
1101 2913 1179 2958 V2.
1274 2917 1340 2956 17.
1373 2911 1452 2956 Vb.
1549 2915 1616 2955 18.
1650 2909 1725 2955 V'.
