1904 3184
176 83 284 137 256
900 83 1161 126 scHomA

175 213 271 274 τῆς
303 208 370 257 Σ.
433 202 553 257 ἀλλ’
581 203 614 272 ἡ
647 207 705 256 Σ
737 210 803 273 τῇ
837 202 887 264 Ξ
921 202 1072 257 ἐστιν
1104 208 1216 272 ἴση·
1255 202 1348 257 καὶ
1386 203 1419 272 ἡ
1452 208 1517 258 Ν
1548 206 1654 276 ἄρα
1692 211 1788 274 τῆς
1819 205 1870 265 Ξ
1899 181 1904 274 Ξ

176 297 372 364 μείζων
411 292 574 346 ἐστίν.

292 399 376 451 16.
407 396 585 450 ’Έστω
620 401 711 450 ἴσα
743 397 1084 467 διαστήματα
1117 395 1204 451 ἐπὶ
1235 405 1363 467 μιᾶς
1393 396 1617 460 εὐθείας
1648 398 1715 451 τὰ
1739 403 1791 450 A
1801 401 1866 466 B,
1899 412 1904 449 ³.

177 489 298 556 ΒΓ,
333 489 448 555 ΓΔ,
486 484 577 540 καὶ
617 485 845 555 ἀνήχθω
885 494 951 557 τῇ
990 491 1100 539 ΑΛ
1136 487 1275 556 πρὸς
1312 486 1489 557 ὀρθὰς
1526 486 1560 555 ἡ
1600 490 1734 555 ΑΕ,
1775 484 1864 556 ἐφ’

120 589 147 629 ὅ
178 572 242 645 ἧς
287 579 495 630 κείσθω
544 574 693 645 ὄμμα
738 576 800 629 τὸ
843 579 907 629 Ε.
999 574 1165 644 λέγω,
1220 576 1304 629 ὅτι
1343 578 1525 645 μεῖζον
1564 577 1868 645 φανήσεται
1898 575 1904 647 ξ

178 667 240 719 τὸ
281 662 381 735 μὲν
419 668 529 718 ΑΒ
567 672 667 718 τοῦ
707 667 754 717 Β
767 667 830 734 Γ,
869 665 931 718 τὸ
971 662 1031 718 δὲ
1072 668 1184 718 ΒΓ
1213 672 1312 718 τοῦ
1354 667 1469 717 ΓΛ.
1537 649 1904 734 προσπιπτέ-ξ

179 769 362 808 τωσαν
408 754 514 825 γὰρ
555 753 770 817 ἀκτῖνες
815 755 878 807 αἱ
912 757 1044 823 ΕΒ,
1083 756 1212 823 ΕΓ,
1251 758 1388 822 ΕΔ,
1434 751 1525 806 καὶ
1572 755 1729 822 ἤχθω
1778 740 1904 807 διάΙ

180 851 280 896 τοῦ
320 846 368 896 Β
409 845 638 913 σημείου
676 850 742 913 τῇ
784 846 889 896 ΓΕ
932 843 1126 915 εὐθείᾳ
1164 842 1514 914 παράλληλος
1550 841 1584 911 ἡ
1624 846 1730 896 ΒΖ
1777 843 1871 895 διὰ

181 933 242 986 τὸ
291 933 552 1003 δεύτερον
598 939 698 986 τοῦ
744 930 920 985 ἕκτου.
999 933 1196 986 λοιπὸν
1242 935 1393 986 ἔσται
1441 936 1531 1000 ἴση
1577 930 1610 1000 ἡ
1651 935 1759 985 ΑΖ
1806 939 1870 1002 τῇ

93 1034 150 1074 10
184 1025 301 1074 ΖΕ.
363 1024 560 1091 μείζων
599 1018 660 1075 δὲ
699 1020 732 1090 ἡ
765 1025 870 1075 ΒΖ
909 1028 1005 1090 τῆς
1039 1025 1147 1074 ΖΑ
1187 1021 1280 1074 διὰ
1318 1022 1380 1074 τὸ
1412 1023 1631 1091 μείζονα
1662 1021 1872 1088 γωνίαν

180 1109 515 1163 ὑποτείνειν·
570 1113 768 1180 μείζων
807 1111 914 1181 ἄρα
952 1109 1043 1163 καὶ
1083 1118 1179 1179 τῆς
1220 1113 1336 1163 ΖΕ.
1401 1112 1598 1179 μείζων
1637 1110 1743 1180 ἄρα
1780 1106 1872 1162 καὶ

182 1199 215 1268 ἡ
260 1203 307 1252 Θ
344 1201 519 1267 γωνία
558 1206 654 1268 τῆς
692 1202 759 1252 K.
830 1198 970 1252 ἀλλά
1007 1207 1072 1270 τῇ
1112 1202 1170 1252 Κ
1204 1203 1293 1268 ἴση
1332 1197 1366 1267 ἡ
1407 1202 1458 1252 Λ
1497 1199 1590 1251 διὰ
1628 1198 1690 1251 τὸ
1730 1193 1872 1252 εἶναι

183 1286 434 1352 ἐναλλάξ·
490 1290 686 1358 μείζων
741 1289 847 1359 ἄρα
900 1287 934 1356 ἡ
985 1291 1033 1341 Θ
1085 1286 1177 1341 καὶ
1230 1295 1326 1357 τῆς
1373 1291 1438 1341 Λ.
1530 1290 1714 1357 μεῖζον
1767 1288 1887 1358 ἄρα

184 1375 493 1446 ὀφθήσεται
531 1377 594 1430 τὸ
627 1381 736 1430 ΑΒ
776 1384 876 1430 τοῦ
909 1380 956 1429 Β
969 1380 1027 1431 Γ.
1090 1375 1294 1447 ὁμοίως
1333 1377 1426 1430 διὰ
1464 1384 1565 1430 τοῦ
1603 1379 1656 1430 Γ
1686 1375 1873 1446 ἀχθεί-

97 1478 152 1519 15
184 1478 284 1533 σης
320 1467 676 1535 παραλλήλου
716 1474 782 1537 τῇ
822 1469 938 1519 ΛΕ
973 1473 1069 1535 τῆς
1111 1468 1228 1519 ΓΗ
1260 1466 1610 1535 δειχθήσεται
1649 1466 1710 1519 τὸ
1751 1466 1873 1534 ΒΓ,

185 1554 269 1608 ὅτι
307 1557 492 1624 μεῖζον
530 1556 835 1625 φανήσεται
875 1562 975 1608 τοῦ
1016 1557 1132 1609 ΓΔ.

301 1659 383 1712 17.
438 1659 553 1712 Διὰ
584 1660 646 1713 τὸ
678 1660 781 1729 τὴν
813 1662 864 1712 Λ
875 1661 929 1712 Γ
957 1658 1270 1712 ὑποτείνειν
1299 1656 1391 1711 καὶ
1421 1659 1523 1727 τὴν
1555 1662 1628 1712 Μ
1654 1660 1875 1729 μείζονα

186 1743 362 1802 οὖσαν
415 1746 506 1801 καὶ
560 1756 656 1818 τῆς
703 1751 821 1801 ΛΚ
870 1756 966 1818 τῆς
1010 1748 1407 1816 ὑποτεινούσης
1452 1749 1553 1818 τὴν
1602 1751 1672 1816 0,
1729 1747 1762 1817 ἡ
1813 1744 1878 1801 δὲ

185 1838 383 1906 μείζων
419 1838 630 1909 πλευρὰ
668 1838 770 1907 τὴν
808 1840 1027 1907 μείζονα
1067 1840 1276 1905 γωνίαν
1313 1837 1603 1891 ὑποτείνει.
1879 1830 1882 1834 ’

97 1937 156 1978 20
297 1924 330 1993 ἡ
372 1922 433 1978 δὲ
471 1927 550 1989 εἰς
586 1927 684 1990 τὰς
719 1928 1107 1997 παραλλήλους
1144 1925 1367 1989 εὐθείας
1405 1925 1744 1996 ἐμπίπτουσα
1778 1925 1844 1978 τὰ

188 2012 417 2079 ἐναλλὰξ
457 2017 663 2083 γωνίας
702 2019 825 2078 ἴσας
864 2014 1126 2084 ἀλλήλαις
1162 2025 1322 2068 ποιεῖ.

831 2192 918 2248 Ad
954 2211 1107 2263 prop.
1147 2191 1237 2247 VI.
1875 2239 1899 2266 ¹.

306 2298 387 2351 18.
444 2296 698 2360 Κάθετος
737 2298 843 2368 ἄρα
885 2297 1033 2351 ἐστίν
1071 2317 1123 2366 p.
1160 2298 1278 2366 162,
1319 2297 1489 2366 3—4]
1529 2305 1645 2360 πῶς
1683 2296 1716 2366 ἡ
1749 2270 1893 2350 ΚΙϋῘί

189 2385 423 2449 κάθετός
462 2386 612 2440 ε’στιν
652 2384 740 2440 ἐπὶ
778 2388 880 2455 τὴν
911 2390 1054 2455 ΜΛ,
1094 2385 1342 2456 δείξομεν
1380 2386 1577 2450 οὕτως·
1618 2383 1732 2439 ἐπεὶ
1768 2310 1893 2557 ἀπὰἰ

313 2551 381 2591 16.
421 2546 471 2590 v¹
510 2545 560 2590 in
590 2562 681 2604 mg.
717 2561 817 2604 sup.
852 2547 930 2603 (ad
970 2547 1121 2604 ipsam
1160 2560 1290 2604 prop.
1323 2553 1350 2591 4
1390 2546 1496 2591 add.
1540 2544 1671 2603 ἑτέρα
1708 2546 1844 2591 τούτο
1902 2568 1904 2583 2

192 2605 290 2651 ἄνω
314 2605 590 2664 ἀπόδειξις);
623 2608 694 2650 esi]
726 2608 819 2663 opt.
846 2609 939 2651 uet.
964 2621 1095 2663 prop.
1118 2606 1196 2651 IV.
1289 2610 1358 2650 17.
1392 2621 1424 2662 q
1455 2606 1532 2663 (ad
1557 2605 1700 2651 schol.
1724 2621 1791 2650 nr.
1820 2559 1904 2709 fi:

191 2681 235 2722 p.
263 2669 362 2721 255,
388 2670 445 2709 20
470 2668 518 2709 et
542 2669 628 2724 21).
723 2671 791 2710 18.
823 2666 884 2723 R,
918 2681 949 2721 q
980 2665 1058 2711 fol.
1090 2670 1171 2711 109
1205 2665 1328 2722 (add.
1362 2665 1482 2722 ζήτει
1514 2665 1564 2711 ἐν
1595 2669 1657 2725 τῷ
1689 2665 1730 2719 ζ’
1756 2668 1817 2709 θε
1862 2663 1904 2724 'af

194 2724 378 2781 ρήματι)
411 2725 662 2783 (M1Arsu‚
693 2725 800 2769 Vat.
834 2741 893 2770 m.
929 2728 984 2781 2).
1870 2733 1904 2770 ’ἱ

312 2893 381 2933 24.
414 2888 528 2932 Post
560 2886 660 2932 ἐπει
690 2887 797 2932 add.
832 2885 873 2933 0²²
897 2884 1016 2946 (οὖν)
1047 2888 1100 2933 R.
1860 2859 1873 2938 ,ὲ

1850 3096 1893 3184 {A
