1904 3184
13 0 30 79 ξ
367 65 719 110 OPTICORUM
749 66 1048 110 RECENSIO
1078 67 1354 111 THEONIS.
1599 65 1699 119 191

14 187 193 242 ficiem
231 185 461 256 cylindri
500 187 723 239 eandem
760 185 1029 244 rationem
1068 190 1278 240 exstare
1317 186 1704 240 demonstrabi-

14 295 159 346 muS,
212 293 349 345 quae
397 275 458 328 in
503 275 637 328 basi.
715 293 845 345 ergo
893 293 921 327 e
959 278 1080 328 toto
1121 274 1362 346 cylindro
1408 274 1586 328 minus
1627 276 1701 328 di-

12 365 179 419 midio
218 364 456 434 adparet.

810 453 898 506 29.

123 541 291 596 Oculo
324 545 505 595 autem
537 540 778 612 cylindro
811 542 1275 612 adpropinquante
1298 559 1424 611 pars
1457 540 1700 611 cylindri,

12 649 149 702 quae
186 631 350 684 radiis
391 631 883 701 comprehenditur,
923 630 1100 684 minor
1139 629 1261 700 erit,
1305 630 1478 683 maior
1517 633 1698 683 autem

7 745 63 785 ιιι
115 744 126 753 ·
173 720 319 774 cerni
356 720 643 773 uidebitur.

121 809 194 862 sit
240 809 385 862 enim
430 812 490 861 K
530 813 776 863 centrum
823 808 1011 862 circuli
1056 808 1235 861 basim
1282 808 1511 878 cylindri
1556 827 1698 862 com-

10 923 33 960 1·
74 897 412 969 ehendentis,
466 903 520 951 et
565 899 633 951 ab
682 899 839 952 oculo
878 902 926 952 Β
974 899 1042 951 ad
1087 901 1331 952 centrum
1371 901 1430 950 K
1469 898 1695 952 ducatur

1033 990 1172 1058 ΒΚ,
1238 1006 1335 1057 per
1396 990 1455 1040 K
1511 991 1693 1040 autem

449 1066 510 1152 Β
1029 1075 1488 1147 perpendicularis
1538 1077 1693 1130 duca-

1029 1170 1120 1219 tur
1183 1170 1312 1236 ΓΛ,
1373 1169 1427 1219 et
1490 1166 1691 1220 circum

1028 1258 1144 1308 ΚΒ
1207 1255 1439 1309 circulus
1491 1255 1690 1309 descri—

699 1178 918 1442 N
1027 1345 1190 1398 batur
1205 1388 1221 1415 ,
1319 1345 1688 1413 ducanturque

470 1417 477 1586 Ι
895 1444 941 1786 J
1029 1437 1159 1504 ΒΝ,
1197 1436 1340 1504 NK,
1386 1436 1512 1504 BA,
1558 1436 1686 1487 ΛΚ.

1026 1522 1211 1591 itaque
1295 1526 1519 1593 propter
1601 1542 1686 1592 ea,

1028 1629 1164 1680 quae
1190 1614 1348 1664 antea
1377 1613 1522 1666 dicta
1545 1616 1688 1683 sunt,

1026 1703 1078 1753 A
1089 1705 1209 1754 ZN
1226 1701 1404 1754 minor
1425 1705 1508 1755 est
1532 1701 1686 1755 semi-

295 1740 462 1843 -s
624 1767 694 1913 Q
826 1787 895 1892 s
1025 1790 1344 1861 01r0u10‚et
1383 1791 1566 1844 eadem
1604 1809 1686 1843 ra-

10 1859 14 1912 .
229 1861 378 2028 4
694 1914 695 1917 =
718 1904 816 1983 s
1024 1879 1202 1949 tione,
1259 1898 1364 1950 qua
1418 1899 1483 1934 ex
1542 1880 1686 1951 basi,

14 1975 18 2000 ³
158 1979 439 2053 A.
501 1992 714 2058 Λ
1023 1968 1188 2022 etiam
1227 1988 1255 2022 e
1287 1972 1406 2022 toto
1439 1969 1682 2039 cylindro

11 2058 15 2133 ᾗ
144 2041 205 2082 Γ
422 2069 492 2117 K
729 2029 769 2086 Δ
1023 2057 1201 2111 minus
1244 2058 1466 2112 dimidio
1507 2077 1684 2113 cerne-

16 2175 19 2198 3
56 2198 57 2201 ,
1023 2149 1129 2199 tur.
1204 2146 1314 2200 iam
1355 2147 1541 2200 oculus
1589 2148 1682 2200 ad-

18 2303 19 2311 *
296 2240 386 2294 ³&
986 2210 1349 2305 *propinquet
1395 2239 1450 2289 et
1496 2236 1569 2288 sit
1616 2240 1682 2305 Φ,

1022 2323 1224 2377 circum
1304 2327 1428 2377 ΦΚ
1498 2329 1679 2378 autem

34 2401 48 2414 ⁹
123 2430 131 2450 ·
165 2424 228 2459 us
268 2407 619 2478 describatur,
659 2409 1029 2481 ducanturque
1074 2416 1192 2483 ΦΡ,
1224 2416 1343 2482 PK,
1382 2416 1518 2483 ΚΣ,
1549 2417 1678 2466 ΣΦ.

89 2511 178 2548 vue
214 2497 349 2549 radii
389 2516 421 2550 a
460 2501 511 2550 Φ
550 2498 858 2553 adcidentes
896 2519 994 2570 per
1037 2505 1154 2571 ΦΡ,
1190 2506 1309 2554 ΦΣ
1343 2503 1547 2571 cadent,
1587 2502 1679 2570 qui

20 2583 175 2638 ullium
199 2603 231 2638 a
252 2588 300 2638 Β
326 2587 595 2658 adcidunt,
619 2607 714 2657 per
736 2592 855 2659 BA,
879 2593 1005 2643 ΒΝ.
1055 2609 1218 2660 quare
1244 2594 1307 2644 N
1313 2594 1412 2643 ZA
1427 2599 1484 2651 >
1502 2594 1677 2643 ΡΖΣ.

70 2675 209 2726 viar
262 2679 442 2729 autem
498 2680 673 2729 ΡΖΣ
722 2677 918 2731 maius
917 2679 1206 2750 adparere
1262 2697 1423 2749 quam
1475 2682 1540 2732 N
1549 2682 1676 2748 ZA

22 2772 122 2824 tum
164 2767 199 2824 L
234 2767 286 2816 Φ
317 2773 374 2824 >
407 2769 469 2818 Β.
561 2784 689 2837 ergo
744 2786 869 2836 pars
916 2768 1094 2821 minor
1141 2768 1369 2838 cylindri
1417 2772 1678 2839 cernetur,

23 2837 207 2921 fflctur
245 2856 426 2907 autem
465 2855 610 2908 cerni
650 2856 837 2908 maior.
