1904 3184
129 1017 185 1056 10

130 1550 186 1590 15

129 1995 190 2036 20

213 85 322 138 208
563 85 914 128 OPTICORUM
943 84 1244 128 REOENSIO
1274 84 1554 129 THEONIS.

214 205 484 259 ἐλάσσονα
530 207 698 273 λόγον
744 207 875 274 ἔχει,
923 200 991 258 οὗ
1031 206 1138 274 ἔχει
1184 203 1217 272 ἡ
1259 206 1359 257 ΓΑ
1403 205 1541 275 πρὸς
1579 208 1710 258 ΑΒ·
1764 205 1903 259 ὥστε

213 293 246 363 ἡ
289 297 388 348 ΓΑ
423 294 563 365 πρὸς
601 297 711 347 ΑΒ
758 296 977 364 μείζονα
1014 291 1196 362 λόγον’
1229 295 1337 362 ἔχει
1374 295 1511 364 ἥπερ
1551 293 1585 362 ἡ
1627 298 1728 347 ΖΑ
1765 295 1904 364 πρὸς

214 387 344 436 ΑΒ.
391 384 713 451 πεποιήσθω
742 379 864 451 οὗν,
896 383 971 446 ὡς
1000 381 1034 451 ἡ
1061 385 1160 435 ΓΑ

215 473 353 542 πρὸς
390 475 526 540 ΑΒ,
574 471 751 535 οὕτως
791 471 825 540 ἡ
870 475 978 524 ΖΑ
1023 472 1162 542 πρὸς

217 560 486 614 ἐλάσσονα
547 567 644 629 τῆς
697 564 809 613 ΑΒ
866 561 968 629 τὴν
1022 565 1159 613 ΑΔ·
1255 543 1308 586 Γ
1499 552 1534 598 Δ

218 650 482 718 ἰσογώνια
522 650 629 719 ἄρα
669 647 784 702 ἐστὶ
817 649 886 702 τὰ
916 651 1160 720 τρίγωνα

214 739 282 791 τὰ
344 741 526 807 ΒΓΑ,
581 742 769 791 ΛΖΑ.
870 739 1009 792 ὥστε
1072 743 1161 807 ἴση
1465 727 1591 813 ‘Nx

216 825 367 881 ἐστὶν
420 827 454 896 ἡ
509 827 618 881 ὑπὸ
666 830 824 881 ΓΑΒ
875 830 1051 895 γωνία
1096 836 1162 898 τῇ

214 916 324 970 ὑπὸ
360 921 532 970 ΖΑΔ.
597 919 795 986 μείζων
834 917 943 987 ἄρα
981 915 1015 985 ἡ
1053 915 1162 969 ὑπὸ

220 1009 384 1058 ΖΑΒ
425 1007 599 1073 γωνία
637 1013 733 1074 τῆς
771 1005 879 1059 ὑπὸ
924 1008 1103 1058 ΓΑΒ.
1247 1027 1282 1068 z

310 1183 491 1238 ’Ἑστω
539 1185 740 1247 κύκλος
778 1183 807 1238 ὁ
848 1186 1094 1252 ΑΓΒΛ,
1139 1181 1232 1236 καὶ
1278 1183 1602 1252 διήχθωσαν
1647 1182 1750 1236 δύο
1791 1174 1904 1252 dui-j

216 1292 405 1344 μετροι
458 1274 520 1326 αἱ
561 1278 615 1326 A
626 1277 696 1342 B,
739 1275 840 1326 ΓΛ
892 1271 1190 1342 τέμνουσαι
1236 1271 1475 1341 ἀλλήλας
1525 1273 1664 1343 πρὸς
1717 1263 1904 1347 ὀρθάς,ι

218 1363 364 1432 ὄμμα
411 1359 472 1415 δὲ
518 1364 655 1416 ἔστω
703 1363 764 1416 τὸ
812 1367 885 1432 Ε,
939 1359 1038 1432 ἀφ’
1082 1357 1149 1415 οὗ
1199 1359 1368 1430 ἡ,ἐπὶ
1414 1362 1475 1415 τὸ
1521 1359 1751 1432 κέντρον
1797 1351 1904 1435 ἐπι4

219 1450 553 1521 ζευγνυμένη
593 1451 626 1520 ἡ
667 1455 771 1504 ΕΖ
809 1451 949 1522 πρὸς
988 1450 1165 1520 ὀρθὰς
1202 1448 1302 1520 μὲν
1341 1452 1479 1504 ἔστω
1518 1459 1583 1522 τῇ
1617 1452 1735 1520 ΓΔ,
1773 1453 1880 1523 πρὸ

220 1538 280 1593 δὲ
326 1541 428 1609 τὴν
467 1544 577 1593 ΑΒ
623 1547 903 1609 τυχοῦσαν
948 1542 1159 1608 γωνίαν
1204 1538 1517 1611 περιεχέτω,
1570 1538 1663 1593 καὶ
1701 1542 1838 1595 ἔστω
1875 1459 1904 1641 ³

219 1634 271 1684 E
280 1633 325 1682 Z
372 1627 629 1699 ἑκατέρας
673 1637 786 1682 τῶν
834 1628 893 1682 ἐκ
938 1636 1038 1682 τοῦ
1083 1627 1315 1700 κέντρου
1363 1631 1572 1699 μείζων.
1651 1628 1765 1683 ἐπεὶ
1807 1626 1904 1709 οὗ,Ι

218 1718 252 1786 ἡ
295 1721 396 1772 ΓΔ
450 1716 676 1790 ἑκατέρᾳ
721 1726 834 1771 τῶν
879 1721 1008 1787 ΑΒ,
1048 1722 1153 1770 ΕΖ
1208 1717 1322 1771 ἐστι
1375 1719 1514 1790 πρὸς
1567 1717 1766 1789 ὀρθάς,
1819 1739 1853 1773 κ

218 1807 399 1864 πάντα
443 1809 550 1878 ἄρα
596 1807 662 1859 τὰ
709 1807 803 1859 διὰ
852 1814 949 1875 τῆς
997 1810 1096 1860 ΓΔ
1143 1806 1371 1860 ἐπίπεδα
1419 1806 1789 1878 ἐκβαλλόμενα
1834 1712 1904 1908 τῗ

221 1895 315 1947 διὰ
353 1903 465 1947 τῶν
503 1899 632 1964 ΕΖ,
664 1899 773 1948 ΑΒ
814 1894 1050 1968 ἐπιπέδῳ
1096 1897 1235 1967 πρὸς
1280 1895 1458 1967 ὀρθάς
1504 1896 1668 1950 ἐστιν.
1751 1898 1887 1967 ἤχθ,

222 1981 325 2038 οὗν
363 1983 470 2038 ἀπὸ
509 1991 609 2037 τοῦ
648 1988 701 2037 Ε
743 1987 970 2054 σημείου
1018 1983 1106 2039 ἐπὶ
1151 1987 1213 2039 τὸ
1251 1985 1615 2056 ὑποκείμενον
1653 1985 1843 2040 ἐπίπεδ

220 2072 475 2135 κάθετος·
530 2071 619 2126 ἐπὶ
663 2075 766 2143 τὴν
810 2075 1006 2143 κοινὴν
1052 2075 1158 2145 ἄρα
1204 2075 1378 2144 τομὴν
1422 2076 1606 2128 πίπτει
1647 2083 1759 2128 τῶν
1798 2074 1895 2131 ε’π,

220 2160 406 2216 πέδων
451 2162 553 2231 τὴν
594 2166 719 2215 ΑΒ.
803 2162 1040 2217 πιπτέτω
1088 2160 1191 2218 οὗν
1237 2161 1328 2217 καὶ
1374 2165 1509 2217 ἔστω
1556 2163 1589 2232 ἡ
1631 2167 1766 2234 ΕΚ,
1819 2183 1878 2236 κ,

223 2252 438 2320 διήχθω
478 2251 768 2322 διάμετρος
798 2251 831 2320 ἡ
864 2256 998 2322 ΗΘ,
1035 2251 1128 2306 καὶ
1165 2255 1371 2306 κείσθω
1411 2260 1478 2324 τῇ
1508 2252 1779 2326 διαμέτρῳ
1811 2231 1903 2309 voe

221 2341 429 2394 κύκλου
477 2345 567 2409 ἴση
613 2340 646 2409 ἡ
695 2345 829 2394 ΛΜ
872 2340 963 2394 καὶ
1016 2343 1304 2411 τετμήσθω
1359 2342 1487 2411 δίχα
1538 2342 1676 2395 κατὰ
1728 2343 1790 2396 τὸ
1835 2311 1900 2411 JV,

344 2594 383 2634 3.
425 2588 712 2635 πεποιείσθω
743 2605 785 2634 V.
939 2595 979 2635 5.
1020 2593 1133 2650 AA]
1174 2605 1288 2636 corr,
1322 2603 1379 2634 ex
1408 2594 1491 2634 AB
1523 2606 1583 2636 m.
1619 2596 1640 2635 1
1675 2591 1729 2636 V.

225 2647 349 2694 ἐστίν
379 2649 474 2693 Vv.
598 2654 636 2695 7.
671 2650 821 2708 ΒΓΑ]
854 2655 890 2694 Α
923 2664 1036 2695 corr.
1071 2664 1127 2694 ex
1157 2655 1200 2695 Δ
1230 2665 1289 2695 m.
1314 2663 1404 2695 rec,
1429 2650 1484 2695 V.
1607 2655 1648 2695 9.
1681 2652 1835 2707 μεῖζον
1890 2683 1893 2697 ,

288 2713 356 2753 10.
394 2710 545 2784 ΖΑΒ1
572 2714 608 2753 Β
641 2722 665 2753 e
697 2723 810 2753 corr.
836 2725 896 2754 m.
922 2724 1010 2754 rec.
1036 2710 1090 2754 V.
1185 2713 1253 2754 11.
1287 2709 1338 2766 μ’
1364 2709 1498 2766 va‚
1531 2709 1620 2754 del.
1653 2725 1696 2756 v.
1787 2709 1873 2777 Aa·

225 2768 312 2811 δύο
346 2781 461 2812 eras.
495 2785 547 2812 αι
576 2768 632 2815 V.
763 2773 831 2814 17.
866 2769 989 2814 ἐστιν
1020 2769 1114 2814 Vv.
1250 2773 1320 2813 20.
1354 2768 1468 2812 Post
1499 2767 1688 2825 σημείου
1721 2769 1828 2814 add.

226 2826 382 2870 media
414 2826 539 2871 linea
571 2854 627 2861 —
658 2828 751 2873 Vv.
890 2834 960 2873 23.
996 2829 1112 2888 ΗΘ]
1146 2842 1258 2873 corr.
1293 2841 1350 2872 ex
1383 2830 1476 2873 ΕΘ
1508 2829 1562 2873 V.
1695 2833 1765 2874 24.
1797 2828 1861 2872 P'

227 2890 339 2929 ΛΜ
363 2886 451 2931 del.
485 2887 602 2943 πρὸς
633 2886 784 2944 ὀρθάς
813 2903 857 2945 p.
960 2913 964 2919 ·
1854 2914 1860 2920 ·
