1904 3184
168 139 273 192 116
735 142 1020 185 EUCLIDIS
1052 142 1282 187 οΡΤΙοΑ.

167 258 235 315 οὗ
267 263 540 331 συμβαλεῖ
565 270 632 331 τῇ
665 266 719 314 A
728 265 795 331 B,
832 260 926 314 καὶ
964 264 1100 315 ε”στω
1133 261 1166 330 ἡ
1199 266 1321 316 ΕΒ.
1383 261 1499 316 ἐπεὶ
1529 258 1634 317 οὖν
1662 265 1858 332 μείζων
1902 279 1904 281 ’

169 353 346 418 γωνιά
367 349 401 418 ἡ
425 349 534 403 ὑπὸ
562 353 722 403 ΓΕΒ
755 357 852 419 τῆς
873 350 982 403 ὑπὸ
1007 356 1062 404 A
1070 355 1193 419 ER,

168 442 350 509 μεῖζον
390 441 496 509 ἄρα
535 440 597 493 τὸ
638 442 738 492 ΓΛ
776 439 1047 510 διάστημα
1093 448 1192 493 τοῦ

168 532 280 581 ΑΒ
332 531 602 597 φαίνεται.
696 529 834 582 ὥστε
881 536 981 582 τοῦ
1028 531 1194 599 ὄμμα·
1266 534 1333 586 .ἶῖ
1778 493 1843 611 la

110 626 136 665 5
171 637 264 680 τος
303 616 391 670 ἐπὶ
421 625 521 670 τοῦ
553 621 606 670 Ε
641 616 905 686 μένοντος
943 619 1004 671 αί
1038 620 1192 682 ὄψεις

166 706 240 769 ὡς
310 705 397 759 ε’πὶ
461 707 529 759 τὰ
597 711 673 775 A,
723 709 778 759 Γ
827 706 963 778 μέρη
1025 725 1193 778 παρα·
1779 683 1784 755 Ι

166 797 465 865 φερόμεναι
519 800 730 848 θᾶττον
781 794 1191 866 παραλλάξουσι
1778 763 1785 839 Ι

164 884 225 937 τὸ
264 889 319 937 A
364 885 500 955 ἤπερ
548 885 609 937 τὸ
652 886 710 937 Γ.
790 884 1190 938 ὑπολείπεσθαι
1789 926 1839 974 Β
1900 910 1904 964 3

165 973 271 1043 ἄρα
310 971 456 1036 δόξει
494 973 556 1026 τὸ
595 977 721 1026 AB.
1900 986 1904 996 ¹

1340 415 1419 464 A
1757 414 1821 464 B
1901 467 1904 480 Α]

78 1130 132 1168 10
958 1120 1063 1178 v3'.

284 1226 363 1278 Τα
417 1223 760 1295 αὐξανόμενα
815 1234 927 1278 τῶν
980 1231 1235 1295 μεγεθῶν
1283 1224 1428 1290 δόξει
1477 1217 1904 1335 προσάγεσθαι]

162 1322 238 1387 τῷ
285 1315 499 1385 ὄμματι.
1896 1335 1904 1369 ε

276 1405 415 1457 ἔστω
449 1401 733 1474 ὁρώμενον
765 1402 1000 1473 μέγεθος
1022 1405 1084 1458 τὸ
1109 1409 1162 1457 Α
1172 1407 1237 1472 Β
1269 1405 1414 1474 όμμα
1446 1401 1506 1457 δὲ
1539 1406 1674 1458 ἔστω
1707 1406 1768 1458 τὸ
1796 1407 1857 1473 Γ,
1891 1399 1904 1499 J

166 1490 264 1562 ἀφ’
301 1488 369 1546 οὗ
406 1491 897 1563 προσπιπτέτωσαν
930 1492 1143 1556 ἀκτῖνες
1174 1494 1237 1546 αι
1266 1494 1382 1562 ΓΛ,
1407 1495 1525 1546 ΓΒ.
1579 1492 1670 1546 καὶ
1704 1492 1859 1563 ηὐξή-
1890 1488 1904 1561 ἓ

81 1590 134 1630 15
170 1587 292 1635 σθω
333 1582 394 1634 τὸ
435 1585 540 1634 BA
577 1580 668 1634 καὶ
708 1584 844 1635 ἔστω
885 1583 946 1635 τὸ
986 1586 1110 1650 BA,
1156 1579 1247 1635 καὶ
1284 1581 1666 1652 προσπιπτέτω
1707 1581 1859 1646 ἀκτὶς

167 1669 200 1738 ἡ
242 1673 355 1723 ΓΛ.
434 1668 548 1723 ἐπεὶ
588 1667 691 1725 οὖν
730 1673 926 1740 μείζων
968 1673 1143 1738 γωνία
1190 1671 1223 1740 ἡ
1262 1670 1370 1724 ὑπὸ
1410 1674 1457 1724 Β
1470 1673 1571 1724 ΓΔ
1616 1679 1712 1740 τῆς
1748 1672 1856 1726 ὑπὸ
1891 1662 1897 1714 f·

167 1762 350 1828 ΒΓΑ,
404 1762 587 1829 μεῖζον
634 1761 740 1831 ἄρα
788 1762 1043 1829 φαίνεται
1089 1761 1150 1813 τὸ
1198 1764 1303 1813 BA
1350 1767 1449 1813 τοῦ
1490 1764 1607 1813 BA.
1684 1761 1751 1813 τὰ
1797 1758 1857 1814 δὲ
1886 1774 1898 1806 ³:

168 1850 388 1917 μείζονα
427 1846 639 1902 ἑαυτῶν
679 1850 902 1918 οἰόμενα
943 1847 1347 1913 ε’παυξοὲνεσθαι
1379 1850 1626 1918 δοκοῦσι,
1663 1847 1755 1903 καὶ
1785 1850 1853 1902 τὰ
1890 1859 1904 1914 ἲ

167 1938 355 2005 ἔγγιον
392 1944 492 1990 τοῦ
532 1939 768 2007 ὄμματος
808 1937 1070 1991 ἐλάττονα
1109 1941 1380 2008 φαίνεται.
1442 1939 1509 1991 τὰ
1548 1939 1654 2010 ἄρα
1693 1936 1852 2002 αὐξό-
1883 1927 1897 1992 1}

74 2035 134 2074 20
166 2045 303 2095 μενα
341 2035 453 2079 τῶν
492 2031 745 2095 μεγεθῶν
785 2025 930 2091 δόξει
967 2027 1350 2098 προσάγεσθαι
1388 2035 1464 2101 τῷ
1504 2029 1717 2097 ὄμματι.

960 2204 1059 2269 νζ.

262 2306 397 2362 Ὅσα
434 2307 522 2362 ἐπὶ
561 2316 637 2381 τῷ
671 2308 820 2380 αὐτῷ
853 2309 1178 2378 διαστήματι
1211 2317 1383 2362 κεῖται
1421 2318 1533 2362 τῶν
1565 2311 1750 2380 ἄκρων
1779 2309 1852 2379 μὴ
1902 2375 1904 2381 ¹

165 2395 247 2451 ἐπ’
284 2398 507 2460 εὐθείας
547 2405 622 2470 τῷ
662 2396 806 2470 μέσῳ
855 2399 1059 2467 ὄντων,
1105 2399 1167 2452 τὸ
1216 2398 1348 2452 ὅλον
1394 2406 1571 2468 σχῆμα
1618 2395 1707 2452 ὁτὲ
1752 2395 1850 2468 μὲν
1901 2404 1904 2462 ἕ

163 2490 376 2555 κοῖλον,
417 2483 506 2540 ὁτὲ
551 2483 612 2539 δὲ
649 2487 855 2557 κυρτὸν
892 2497 1052 2541 ποιεῖ.
1899 2485 1904 2564 'g

283 2710 321 2749 1.
357 2707 609 2765 συμβαλεῖ]
643 2707 850 2764 συμβαλ
874 2720 968 2749 una
999 2705 1090 2751 litt.
1126 2720 1241 2750 eraS.
1266 2706 1321 2763 V,
1365 2708 1615 2766 συμβαλλεῐ
1641 2706 1749 2752 Vah.
1759 2706 1854 2751 Av-

220 2765 296 2838 τῇ]
330 2778 355 2808 e
388 2779 504 2810 corr.
537 2766 593 2822 V,
624 2769 687 2825 τῷ
718 2766 825 2811 Vat.
829 2765 1115 2810 VatM1Amv
1239 2743 1341 2825 AB']
1376 2770 1411 2810 B
1445 2779 1468 2810 e
1502 2780 1616 2811 corr
1641 2766 1695 2811 V.
1811 2770 1852 2810 3.
1894 2790 1895 2795 =

163 2821 327 2879 μείζων
359 2839 400 2868 v,
499 2829 538 2870 6.
573 2810 669 2884 ὡς]
687 2839 773 2870 om.
799 2840 859 2870 m.
940 2825 1360 2899 παραφερόμεναι]
1391 2825 1756 2882 περιφερόμεναι
1786 2840 1848 2870 m.

172 2922 173 2925 ,
226 2888 263 2927 7.
289 2882 669 2939 παραλλάξουσιν
693 2899 735 2929 v.
829 2887 868 2928 8.
901 2884 952 2928 τό
971 2886 1053 2941 (pr
1056 2886 1093 2958 )]
1118 2891 1200 2929 τοῦ
1225 2900 1284 2929 m.
1376 2883 1733 2943 ὑπολείπεσθαι]
1765 2882 1855 2928 λεί-

163 2945 341 2986 πεσθαι
371 2958 429 2987 m.
555 2949 626 2988 10.
659 2943 760 3003 σις’]
795 2957 882 2988 om.
908 2959 951 3001 v,
985 2944 1067 2997 ἔθ’
1093 2944 1149 3001 V,
1182 2944 1249 2998 ξζ’
1275 2959 1333 2989 m.
1368 2949 1393 2988 2
1427 2944 1533 2989 Vat.
1651 2949 1719 2988 15.
1753 2943 1892 3003 ΒΔ]
