1904 3184
125 1088 180 1127 10

127 1562 181 1602 15

124 2007 182 2047 20

124 2452 179 2491 25

213 156 283 208 58
784 155 1067 197 EUCLIDIS
1099 154 1330 198 OPTICA.

212 276 311 328 τὸν
348 283 547 328 κῶνον.
625 274 942 328 ἐλεύσονται
989 273 1058 343 δὴ
1104 275 1241 327 κατὰ
1286 275 1384 336 τὰς
1420 279 1474 326 A
1486 278 1555 343 Ζ,
1589 280 1642 327 A
1653 277 1713 343 Γ,
1762 274 1904 328 ἐπει-

215 365 386 435 δήπερ
428 362 516 417 ἐπὶ
554 365 909 434 παραλλήλου
949 361 1208 416 ἐπιπέδου
1247 373 1421 416 κεῖται
1461 365 1522 417 τὸ
1562 365 1735 433 ὄμμα,
1779 362 1899 417 κατ’

213 454 436 516 εὐθείας
482 450 543 506 δὲ
581 453 833 523 γραμμὰς
871 450 1136 523 φέρονται
1183 454 1245 506 αἱ
1279 454 1448 518 ὄψεις.
1525 455 1576 506 εί
1610 453 1710 524 γὰρ
1753 452 1904 516 ἐκτὸς

212 550 511 596 πεσοῦνται
549 552 661 595 τῶν
692 546 746 594 Α
757 544 818 611 Γ,
850 545 978 610 ΑΖ,
1016 543 1428 610 κλασθήσονται
1467 542 1529 594 αἱ
1555 543 1730 606 ὄψεις·
1771 542 1903 612 ὅπερ

214 633 435 685 ἄτοπον.
499 633 744 684 ἔστωσαν
783 627 886 684 οὖν
925 631 987 683 αἱ
1017 634 1142 699 ΕΘ,
1173 634 1305 683 ΕΗ.
1367 628 1481 683 ἐπεὶ
1513 627 1617 685 οὖν
1649 629 1736 684 ἐπὶ
1766 649 1904 703 παρ-·

215 722 456 788 αλλήλου
495 716 596 789 μὲν
635 718 896 773 ἐπιπέδου
935 718 1054 772 κατ’
1090 720 1313 782 εὐθείας
1350 720 1601 790 γραμμὰς
1639 718 1904 790 φέρονται

214 810 276 862 αἱ
311 811 490 877 ὄψεις,
534 809 601 861 τὰ
647 806 708 862 δὲ
752 809 860 862 ὑπὸ
909 813 1046 862 ἴσων
1091 818 1312 877 γωνιῶν
1350 808 1600 880 ὁρώμενα
1647 814 1739 862 ἴσα
1778 813 1904 878 φαί-

213 917 382 965 νεται,
422 897 547 951 ὅσαι
586 895 638 950 δ’
673 896 744 950 ἂν
782 899 938 961 ὄψεις
975 895 1062 950 ἐπὶ
1100 904 1197 965 τῆς
1234 901 1400 950 ΑΕΔ
1439 897 1662 961 εὐθείας
1698 904 1904 952 τεθῶσι

213 985 578 1055 παράλληλοι,
620 991 741 1049 ἴσας
780 989 983 1054 γωνίας
1018 985 1358 1055 περιέχουσι,
1396 986 1458 1039 τὸ
1499 991 1622 1039 ἴσον
1660 988 1766 1057 ἄρα
1803 996 1904 1042 τοῦ

211 1073 396 1128 κώνου
434 1075 743 1144 ὀφθήσεται
783 1074 957 1145 [εἴπερ
999 1080 1121 1127 ἴσον
1161 1074 1387 1145 ὁρῶσιν·
1429 1077 1663 1128 ἔλασσον
1702 1073 1763 1129 δὲ
1801 1084 1903 1130 τοῦ

213 1162 397 1217 κώνου
453 1163 679 1236 ὁρῶσιν·
736 1164 873 1216 ὥστε
927 1161 1018 1216 καὶ
1064 1164 1125 1216 τὸ
1173 1165 1400 1216 ἔλαττον
1446 1162 1756 1233 ὀφθήσεται
1801 1172 1902 1219 τοῦ

212 1251 438 1322 κώνου].

1004 1355 1109 1424 λγ’.

325 1460 510 1514 Πάλιν
556 1459 623 1513 δέ
664 1479 724 1528 γε
774 1467 873 1512 τοῦ
921 1461 1161 1530 ὄμματος
1205 1459 1599 1529 μετατεθέντος
1646 1460 1751 1514 ἀπὸ
1801 1468 1902 1514 τοῦ

212 1558 474 1604 ταπεινοῦ
520 1548 796 1620 μετεώρου
843 1546 944 1618 μὲν
990 1557 1090 1602 τοῦ
1137 1551 1376 1619 ὄμματος
1421 1548 1679 1613 τεθέντος
1720 1553 1904 1620 μεῖζον

213 1638 313 1711 μὲν
352 1643 503 1693 ἔσται
541 1647 640 1692 τοῦ
679 1639 864 1692 κώνου
910 1639 971 1692 τὸ
1012 1637 1318 1708 ὁρώμενον,
1365 1637 1510 1703 δόξει
1557 1636 1618 1692 δὲ
1665 1641 1900 1693 ἔλασσον

213 1732 539 1799 φαίνεσθαι,
586 1726 974 1798 ταπεινοτέρου
1015 1724 1076 1780 δὲ
1114 1730 1348 1781 ἔλασσον
1386 1725 1486 1797 μὲν
1526 1730 1702 1797 ἔσται,
1752 1726 1900 1792 δόξει

192 1818 195 1819 ’
213 1819 245 1870 δ
250 1815 274 1871 ὲ
312 1821 495 1888 μεῖζον
534 1819 852 1886 φαίνεσθαι.

324 1909 460 1960 ἔστω
499 1915 699 1975 κῶνος,
749 1902 816 1960 οὗ
855 1905 1015 1974 βάσις
1052 1903 1152 1975 μὲν
1190 1905 1219 1959 ὁ
1259 1908 1374 1958 ΒΓ
1410 1906 1634 1975 κύκλος,
1679 1907 1901 1978 κορυφὴ

214 1993 275 2048 δὲ
313 1997 374 2049 τὸ
415 2001 468 2048 A
508 2005 758 2065 σημεῖον,
796 1993 888 2047 καὶ
928 1997 1173 2048 ἔστωσαν
1211 1995 1273 2047 αῖ
1306 1993 1539 2066 πλευραὶ
1578 2002 1677 2048 τοῦ
1715 1994 1900 2049 κώνου

213 2085 276 2138 αἱ
309 2088 437 2153 ΒΑ,
469 2087 584 2138 ΑΓ.
663 2084 969 2152 ἐπεζεύχθω
1017 2083 1050 2151 ἡ
1091 2085 1217 2152 ΒΓ,
1252 2078 1355 2136 ’καὶ
1400 2086 1901 2154 προσεκβεβλήσθω

211 2182 276 2244 τῇ
309 2177 422 2227 ΒΓ
451 2173 483 2242 ἡ
518 2177 648 2242 ΒΗ,
686 2171 777 2226 καὶ
816 2174 973 2242 ἤχθω
1014 2173 1107 2225 διὰ
1145 2180 1244 2225 τοῦ
1283 2175 1546 2242 τυχόντος
1583 2179 1683 2225 τοῦ
1720 2176 1767 2225 Θ
1805 2186 1900 2242 ση-

211 2265 368 2333 μείου
416 2271 482 2334 τῇ
520 2266 630 2315 ΑΒ
676 2262 1024 2333 παράλληλος
1069 2261 1102 2330 ἡ
1153 2264 1276 2314 ΘΚ.
1368 2260 1532 2331 λέγω,
1588 2262 1671 2314 ὅτι
1716 2265 1901 2331 μεῖζον

211 2350 312 2422 μὲν
351 2355 526 2420 ἔσται,
575 2353 809 2404 ἔλασσον
848 2348 908 2403 δὲ
948 2350 1258 2419 ὀφθήσεται
1297 2357 1396 2403 τοῦ
1436 2349 1618 2403 κώνου
1658 2351 1720 2404 τὸ
1760 2348 1904 2421 ὁρώ-

212 2461 380 2511 μενον
418 2448 518 2493 τοῦ
559 2442 798 2509 ὄμματος
836 2438 1095 2502 τεθέντος
1135 2437 1222 2492 ἐπὶ
1260 2447 1359 2492 τοῦ
1403 2443 1451 2492 Θ
1496 2442 1724 2509 σημείου
1762 2441 1899 2512 ἥπερ

329 2636 369 2676 3.
419 2628 672 2688 φαίρονται
716 2644 758 2674 v.
912 2628 1060 2688 ἐκτός]
1109 2647 1136 2674 ν
1183 2643 1324 2686 supra
1370 2643 1454 2673 scr.
1496 2644 1555 2673 m.
1598 2633 1624 2672 2
1664 2629 1719 2685 V,
1768 2627 1899 2680 ἐντός

210 2691 460 2735 BVat.¹m.
581 2694 621 2733 4.
655 2692 754 2744 ΑΓ,
779 2689 883 2747 AZ]
917 2702 1030 2733 corr.
1065 2702 1121 2732 ex
1151 2692 1286 2732 ΑΓΖ
1316 2703 1375 2732 m.
1402 2693 1427 2731 2
1453 2688 1508 2745 V,
1549 2689 1662 2733 mut.
1690 2688 1740 2731 in
1762 2688 1896 2750 <41⁷2

210 2765 269 2795 m.
304 2755 329 2793 2
362 2749 492 2806 Vah,
532 2751 631 2804 ΑΓ,
668 2752 748 2792 ΖΑ
779 2748 925 2792 Vat.1.
1046 2747 1415 2804 κλαισθήσονται
1446 2762 1488 2792 v.
1619 2751 1658 2792 8.
1690 2748 1805 2792 Post
1835 2745 1904 2809 ἄν

211 2837 300 2882 del.
336 2837 385 2881 αἱ
414 2853 474 2882 m.
566 2838 666 2896 τῆς]
697 2843 781 2881 τοῦ
811 2836 935 2892 Van,
966 2836 1052 2892 τήν
1084 2852 1125 2881 V.
1227 2840 1267 2881 9.
1299 2806 1449 2891 περιζ
1474 2836 1597 2892 νεώ,
1629 2833 1830 2894 περιέχει
1852 2849 1904 2918 t!

272 2902 339 2941 10.
386 2895 532 2970 εἴπερ]
572 2899 686 2941 mut.
719 2895 770 2939 in
810 2894 921 2951 ὅπερ
961 2901 1079 2969 ‘¹²32
1120 2896 1244 2970 Vah,
1293 2894 1406 2969 ὅπερ
1445 2895 1555 2939 Vm.
1710 2894 1904 2962 ἔλαττονἰ

209 2956 369 3000 Vahv.
478 2957 550 3014 δε]
583 2955 675 3011 ἄρα
707 2970 748 3000 v.
872 2959 940 3000 13.
974 2956 1067 3014 λγ]
1100 2957 1151 3008 λζ
1192 2955 1247 3011 V,
1281 2957 1327 2998 λε
1374 2955 1534 2999 Ῡαὺπ.
1659 2959 1727 2999 14.
1761 2964 1904 3184 aaa}
