1904 3184
752 59 1141 103 cATOPTRICA.
1675 59 1784 112 297

98 183 170 250 Β,
214 182 449 249 ponatur
495 181 677 231 autem
720 179 780 231 in
826 178 1036 231 ambitu
1075 178 1212 248 eius,
1270 182 1324 231 et
1363 198 1394 231 a
1434 182 1480 231 B
1524 180 1663 232 radii
1702 181 1789 233 ad-

99 269 282 323 cidant
327 270 455 338 ΒΓ,
491 271 596 320 BA
641 267 711 320 ad
754 271 958 336 puncta
1003 273 1080 338 A,
1109 271 1164 320 E
1211 267 1446 321 refracti.
1533 269 1788 337 quoniam

951 360 1292 427 segmentum
1316 360 1481 410 ΑΓΒ
1507 362 1787 428 segmento

953 449 1066 499 ΒΓ
1081 447 1255 499 maius
1281 450 1380 517 est,
1410 447 1514 500 erit
1538 452 1572 509 L
1593 451 1706 508 Z>
1725 451 1786 500 Θ.

951 554 1114 604 quare
1132 535 1296 589 etiam
1314 539 1440 597 H>
1453 538 1511 588 K
1527 535 1700 606 [prop.
1715 535 1786 605 1].

947 624 1131 694 itaque
1195 629 1239 677 Z
1277 627 1787 691 -Ι-Η>Θ-Ι-Κ.

950 732 1114 782 quare
1133 757 1147 784 ,
1252 714 1344 783 qui
1441 714 1788 785 relinquitur,

948 809 982 865 L
1015 806 1068 855 A
1100 812 1156 862 <
1187 807 1267 856 M.
1382 804 1554 857 multo
1614 803 1786 874 igitur

947 892 1123 963 magis
1171 895 1222 944 A
1247 901 1304 953 <
1327 897 1398 946 Ν.
1483 911 1613 964 ergo
1671 895 1785 962 ΓΔ,

950 986 1066 1035 ΑΕ
1091 982 1151 1034 in
1174 981 1225 1043 Ξ
1253 986 1588 1035 concurrent.
1644 981 1788 1035 simi-

949 1071 1076 1124 liter
1108 1071 1569 1124 demonstrabitur
1609 1071 1790 1142 etiam,

98 1157 147 1211 si
183 1162 336 1211 extra
374 1159 642 1212 ambitum
681 1159 934 1213 ceciderit
975 1161 1179 1228 oculus,
1217 1164 1280 1214 ut
1317 1161 1377 1213 in
1413 1160 1787 1231 propositione

63 1266 69 1269 ‘
100 1247 359 1317 sequenti.

923 1339 969 1392 6.

210 1425 277 1479 In
314 1427 548 1497 speculis
589 1428 842 1481 concauis
884 1428 930 1481 si
970 1428 1116 1481 inter
1155 1433 1401 1482 centrum
1441 1432 1496 1482 et
1527 1429 1791 1483 ambitum

103 1515 319 1570 oculum
342 1516 708 1586 collocaueriS,
739 1516 877 1570 radii
908 1517 1130 1571 refracti
1158 1521 1276 1571 tum
1306 1522 1641 1588 concurrent,
1672 1522 1789 1571 tum

26 1670 27 1673 Ἴ
98 1622 210 1659 non
247 1609 585 1659 concurrent.

25 1679 28 1691 ⁴
211 1694 283 1748 sit
307 1695 583 1765 speculum
609 1714 913 1749 concauum
938 1701 991 1749 A
1004 1699 1062 1767 Γ,
1097 1700 1342 1750 centrum
1374 1700 1557 1750 autem
1582 1696 1696 1749 eius
1719 1699 1789 1765 A,

26 1771 27 1787 ³
101 1786 157 1837 et
186 1784 371 1838 oculus
397 1787 444 1837 B
475 1784 620 1838 inter
652 1790 898 1839 centrum
930 1789 984 1838 et
1012 1785 1278 1839 ambitum
1310 1785 1621 1855 collocetur,
1650 1784 1788 1838 radii

25 1907 29 1950 g
100 1876 280 1926 autem
327 1874 438 1927 sint
482 1878 610 1945 BA,
647 1878 762 1928 ΒΓ
804 1876 871 1928 ad
917 1879 999 1946 H,
1042 1880 1086 1928 Z
1132 1875 1375 1946 refracti,
1437 1879 1491 1928 et
1537 1874 1675 1927 radii
1721 1874 1788 1926 ad

26 1983 28 1990 ·
101 1963 378 2032 speculum
407 1964 778 2033 producantur
808 1968 934 2034 ΑΘ,
962 1967 1082 2018 ΓΚ.
1134 1965 1320 2033 itaque
1345 1968 1459 2017 ΑΘ
1490 1967 1584 2017 aut
1616 1962 1789 2016 maior

26 2045 46 2122 s
101 2054 184 2105 est
206 2069 367 2121 quam
386 2054 498 2105 ΓΚ
517 2057 612 2106 aut
637 2053 877 2122 aequalis
903 2056 997 2106 aut
1015 2053 1208 2106 minor.
1246 2053 1357 2106 iam
1383 2053 1429 2106 si
1447 2057 1500 2105 A
1514 2055 1561 2105 Θ
1579 2078 1649 2096 =
1668 2055 1789 2123 ΓΚ,

26 2140 29 2148 '
101 2140 204 2196 erit
234 2141 399 2195 etiam
432 2161 536 2195 arc.
562 2144 731 2195 ΑΓΘ
757 2168 826 2185 --
854 2145 1033 2195 ΓΘΚ.
1097 2161 1262 2212 quare
1296 2142 1460 2194 etiam
1493 2146 1527 2203 L
1548 2144 1699 2194 M=
1720 2141 1787 2212 ,5⁴3

25 2227 29 2287 ἒ
102 2228 284 2300 anguli
323 2229 467 2283 enim
499 2247 722 2283 arcuum
755 2229 1061 2298 aequalium
1099 2229 1244 2282 inter
1273 2248 1332 2298 ¹se
1365 2229 1613 2298 aequales
1647 2233 1786 2283 sunt.

103 2333 263 2388 quare
302 2317 467 2371 etiam
505 2323 540 2381 L
565 2322 639 2371 M
650 2321 714 2384 -1-
737 2321 788 2370 Λ
813 2343 882 2361 --
909 2322 973 2371 N
986 2322 1048 2383 -Ι-
1073 2316 1123 2378 Ξ
1155 2321 1379 2387 propter
1409 2317 1788 2373 refractionem

160 2446 273 2493 Post
310 2447 512 2495 ἐλάσσων
551 2449 658 2493 add.
701 2447 795 2493 ἐστί
833 2464 900 2505 m,
948 2464 1007 2493 m.
1042 2462 1131 2494 rec.
1163 2448 1217 2493 V.
1372 2453 1411 2493 7.
1451 2455 1532 2506 τῆς
1572 2450 1645 2508 Ν]
1685 2450 1714 2507 ἡ
1747 2455 1787 2495 Λ

26 2542 28 2546 .
101 2511 183 2564 της
206 2509 258 2551 Ν
277 2507 477 2554 ἐλάσσων
502 2506 625 2553 ἐστίν
649 2524 710 2564 m,
742 2524 801 2553 m.
828 2522 916 2553 rec.
935 2508 989 2552 V.
1091 2513 1130 2553 8.
1164 2508 1278 2552 Post
1310 2504 1478 2564 ὁμοίως
1509 2507 1615 2553 add.
1642 2507 1694 2553 δέ
1726 2525 1785 2567 m,

43 2616 50 2622 ,
101 2578 162 2611 m.
192 2580 280 2612 rec.
314 2568 370 2613 V.
492 2566 650 2612 πίπτει
681 2568 793 2624 VM,
827 2570 875 2612 et
907 2583 1011 2624 vm,
1046 2568 1129 2611 sed
1162 2581 1275 2611 corr.
1416 2571 1483 2611 10.
1518 2567 1586 2626 ς’]
1622 2568 1657 2611 ι’
1691 2568 1783 2614 Vv.

162 2629 230 2671 11.
261 2625 400 2683 μέσον
453 2626 594 2685 μέσου
625 2627 685 2671 Μ.
811 2632 880 2672 17.
917 2631 975 2682 Η,
1005 2628 1058 2686 Ζ]
1095 2629 1154 2683 Ν,
1186 2630 1220 2671 Ζ
1251 2642 1301 2682 v;
1346 2630 1393 2682 Z,
1422 2630 1470 2670 Η
1498 2627 1558 2671 Μ.
1682 2626 1784 2687 ἕως]

104 2695 242 2742 supra
272 2700 357 2732 scr.
442 2724 451 2732 .
554 2692 622 2732 18.
657 2687 717 2743 δή
771 2701 859 2732 om.
892 2687 953 2731 M.
1061 2690 1129 2732 19.
1165 2684 1363 2730 ἐλάττων
1398 2685 1458 2730 Μ.
1558 2691 1628 2730 20.
1664 2685 1786 2733 ἐστίν

103 2737 195 2799 Vt·
343 2747 510 2807 ΑΓΘ]
549 2749 691 2792 ΑΛΘ
774 2783 781 2791 .
939 2747 1109 2804 sols]
1150 2760 1175 2790 e
1208 2760 1320 2789 corr.
1355 2760 1396 2789 v.
1549 2750 1619 2790 22.
1659 2762 1788 2803 περι-

28 2808 29 2838 Ῡ
105 2811 300 2860 §Coenam
332 2831 376 2839 —
405 2810 477 2852 23.
503 2806 619 2865 ἴσαι]
652 2813 834 2863 γωνιῶν
867 2803 1159 2862 περιφέρειαι
1183 2812 1285 2855 ταῖς
1312 2809 1370 2861 II,
1395 2806 1440 2853 Ξ
1462 2803 1558 2848 ἴσαι
1584 2803 1699 2851 εἰσίν
1724 2806 1784 2852 Μ.

160 2866 231 2909 23.
265 2864 339 2924 Ν]
371 2878 396 2909 e
427 2879 540 2911 corr.
574 2881 617 2911 v.
