1904 3184
176 103 306 150 XXX
790 106 1237 149 PROLEGOMENA
1245 141 1255 150 .

180 222 368 281 Pappus
401 225 450 268 et
479 224 680 281 Theon);
726 222 797 267 ita
837 223 1026 267 demum
1063 223 1227 268 ordine
1266 238 1320 268 ac
1358 223 1540 269 ratione
1570 225 1867 283 progreditur

179 289 532 335 demonstratio.

297 356 348 400 in
379 357 539 402 codice
566 356 921 402 Uindobonensi
953 356 1123 414 Optica
1152 357 1358 415 genuina
1389 372 1495 402 cum
1517 358 1866 405 Elementorum

178 423 313 469 libris
344 424 512 469 I—XV
543 427 591 469 et
620 425 1055 469 Phaenomenorum
1084 424 1355 470 recensione
1386 424 1584 481 antiqua
1615 426 1864 471 coniuncta

179 494 309 548 sunt,
350 491 432 535 sed
464 505 556 547 quo
587 493 797 548 tempore
827 491 917 535 hoc
949 504 1116 549 corpus
1146 491 1457 549 compositum
1489 491 1572 548 sit,
1611 492 1866 538 incertissi-

176 574 306 603 mum
345 561 435 615 est;
482 573 595 602 nam
631 557 681 601 in
721 558 821 603 cod.
852 558 989 603 Laur.
1022 558 1237 615 XXVIII,
1271 563 1299 602 3
1336 559 1453 603 haec
1488 573 1596 615 pars
1628 561 1732 604 tota
1763 574 1864 605 sae-

178 625 283 670 culo
316 625 399 669 XV
439 625 656 682 suppleta
696 627 787 682 est,
836 626 886 669 et
921 623 972 668 in
1009 625 1268 670 Bodleiano
1299 626 1337 669 B
1375 639 1435 670 ne
1468 625 1637 682 Optica
1675 626 1865 682 quidem

176 695 281 738 tota
313 694 590 736 conseruata
622 694 742 736 sunt.
791 691 892 736 fieri
921 693 1092 749 potest,
1125 694 1179 736 ut
1209 691 1259 735 in
1288 690 1644 736 Uindobonensi
1676 692 1862 737 demum

175 760 294 805 haec
326 773 468 816 opera
500 757 596 802 sint
623 757 884 803 coniuncta.

297 841 325 871 a
354 827 517 883 Pappo
551 825 720 882 Optica
757 824 882 869 inter
919 839 1061 882 opera
1099 825 1161 869 ad
1198 825 1281 870 τὸν
1319 825 1757 881 ἀστρονομούμενον
1787 827 1862 870 τό·

175 909 269 939 πον
278 894 318 951 *)
348 896 409 950 (p.
434 897 536 950 474,
561 894 606 949 3)
636 891 923 949 pertinentia
953 891 1003 936 in
1033 891 1155 936 libro
1187 892 1252 936 VI
1289 894 1555 936 tractantur
1592 891 1733 937 titulo
1769 907 1863 937 non

177 960 356 1005 addito.
433 959 511 1016 VI,
552 963 741 1003 80-97
787 958 1132 1016 propositiones
1172 962 1361 1003 34—35
1409 971 1514 1002 cum
1556 957 1862 1015 lemmatis**)

177 1026 608 1083 additamentisque
646 1026 749 1084 (VI,
786 1030 856 1082 87,
889 1030 959 1083 88,
994 1031 1071 1082 92,
1106 1027 1328 1083 98-103)
1368 1024 1463 1069 suis
1502 1026 1729 1069 retractat
1766 1025 1862 1082 (VI,

176 1099 349 1138 90-91
371 1116 426 1131 --
442 1107 572 1151 prop.
591 1097 662 1149 34,
696 1097 871 1137 93—97
890 1115 945 1131 =
962 1106 1092 1150 prop.
1111 1094 1186 1149 35)
1218 1094 1266 1136 et
1295 1090 1346 1134 in
1373 1091 1643 1135 uniuersum
1667 1091 1864 1135 eandem

176 1159 624 1205 demonstrationem
655 1159 825 1204 habuit
855 1173 911 1204 ac
941 1159 1092 1204 nostri
1123 1158 1321 1204 codices.

294 1227 502 1272 recensio
533 1227 785 1284 recentior,
822 1226 898 1271 cui
931 1226 1190 1284 praemissa
1222 1228 1294 1270 est
1322 1225 1600 1283 praelectio,
1641 1238 1734 1281 quo
1764 1223 1864 1269 iure

176 1294 238 1339 ad
268 1293 508 1338 Theonem
536 1293 778 1349 referatur,
811 1307 854 1338 u.
889 1291 1086 1337 Studien
1116 1293 1233 1338 fiber
1262 1292 1437 1337 Euklid
1466 1308 1511 1349 p.
1539 1296 1637 1336 139.
1685 1290 1862 1348 primus

174 1361 264 1405 hoc
296 1360 560 1418 suspicatus
592 1362 664 1404 est
693 1359 901 1417 Angelus
932 1359 1202 1417 Uergetius,
1242 1359 1324 1416 qui
1354 1359 1405 1403 in
1436 1359 1536 1404 cod.
1568 1357 1714 1403 Paris.
1748 1362 1865 1402 2468
1900 1359 1904 1363 ’

175 1428 447 1486 adscripsit:
478 1428 531 1473 τὸ
561 1426 811 1485 προοίμιον
843 1427 894 1473 ἐκ
924 1434 1006 1484 τῆς
1035 1434 1118 1471 τοῦ
1146 1423 1332 1478 Θέωνός
1359 1425 1482 1471 ἐστιν
1514 1424 1780 1482 ἐξηγήσεως,
1814 1426 1863 1469 et
1900 1423 1904 1477 s

175 1498 247 1540 est
285 1494 554 1540 coniectura
593 1493 708 1539 satis
747 1493 1030 1551 probabilis,
1077 1507 1364 1550 quamquam
1394 1492 1556 1536 Theon
1594 1491 1644 1535 in
1675 1492 1858 1545 σύνταξ.
1901 1504 1904 1506 ·

134 1592 137 1597 -
173 1561 434 1606 Ptolemaei
463 1577 507 1619 p.
537 1566 561 1605 7
594 1561 664 1606 ed.
697 1560 840 1606 Basil.
872 1575 1002 1618 prop.
1028 1566 1057 1605 4
1086 1560 1156 1605 ita
1187 1559 1325 1617 citat,
1365 1562 1419 1604 ut
1450 1560 1512 1604 ad
1542 1559 1861 1604 recensionem

174 1628 421 1685 antiquam
458 1628 650 1686 propius
690 1627 893 1672 adcedat
930 1629 1035 1685 (καί
1066 1643 1110 1684 p.
1145 1632 1185 1683 6,
1220 1632 1272 1671 11
1313 1626 1478 1683 habet,
1529 1641 1616 1671 om.
1648 1625 1857 1670 recensio

174 1695 378 1740 Theonis
409 1711 453 1752 p.
482 1700 581 1752 158,
609 1700 684 1751 133
731 1710 776 1752 p.
803 1700 844 1752 6,
871 1699 925 1739 12
959 1694 1288 1751 διαστήματος,
1322 1693 1405 1738 sed
1435 1693 1761 1750 ἀποστήματος
1790 1706 1861 1737 re-

174 1762 332 1808 censio
355 1761 560 1807 Theonis
583 1778 628 1819 p.
656 1766 754 1822 158,
783 1765 878 1820 14);
911 1775 968 1807 ex
1000 1761 1181 1818 ceteris,
1213 1775 1330 1817 quas
1362 1760 1481 1805 citat
1501 1759 1859 1817 propositiones,

172 1829 294 1874 nihil
325 1828 542 1875 concludi
579 1831 738 1886 potest
776 1831 921 1887 (prop.
955 1833 982 1872 3
1021 1828 1071 1872 in
1103 1829 1226 1874 σύντ.
1258 1844 1302 1886 p.
1339 1833 1386 1885 7,
1425 1842 1553 1885 prop.
1588 1833 1613 1872 5
1646 1827 1708 1873 ib.
1741 1843 1785 1885 p.
1819 1832 1861 1884 8,
1895 1819 1904 1824 ’

171 1911 302 1954 prop.
330 1902 385 1941 23
417 1896 480 1941 ib.
506 1911 551 1953 p.
578 1900 677 1953 265,
708 1910 838 1953 prop.
865 1901 922 1941 26
953 1895 1016 1941 ib.
1049 1911 1094 1953 p.
1124 1898 1237 1953 199).
1286 1895 1344 1939 de
1374 1894 1646 1939 recensendi
1676 1894 1860 1939 ratione
1899 1923 1904 1929 -

173 1963 377 2009 Theonis
415 1978 459 2008 u.
494 1963 692 2008 Studien
729 1978 772 2020 p.
804 1967 901 2008 146.
966 1962 1171 2007 intactas
1211 1961 1403 2018 reliquit
1440 1961 1516 2006 uel
1555 1962 1726 2006 leuiter
1762 1976 1862 2005 mu-

172 2031 299 2076 tauit
319 2045 482 2088 propp.
510 2035 549 2087 1,
575 2035 616 2087 2,
641 2034 682 2086 3,
709 2034 749 2086 9,
774 2034 845 2087 83,
871 2035 928 2074 34
953 2032 1024 2087 (=
1044 2035 1100 2074 34
1119 2033 1172 2086 -Ι-
1192 2034 1248 2074 35
1273 2029 1476 2086 Theon),
1508 2034 1563 2073 41
1589 2031 1663 2086 (=
1681 2032 1768 2086 39),
1801 2032 1858 2073 45

173 2101 248 2156 (=
265 2100 361 2155 46),
408 2102 487 2154 47,
537 2102 592 2141 52
625 2099 699 2154 <=
717 2099 810 2154 51),
859 2100 915 2140 53
947 2099 1021 2154 (=
1041 2100 1135 2154 52),
1184 2101 1241 2140 54
1271 2099 1346 2154 (=
1364 2099 1437 2154 53)
1477 2099 1525 2140 et
1563 2095 1857 2140 definitiones

170 2166 359 2222 praeter
394 2163 616 2221 primam;
656 2162 808 2220 magis
839 2165 1052 2207 mutatae
1090 2176 1176 2206 nec
1214 2161 1263 2207 in
1294 2162 1466 2207 litteris
1498 2162 1676 2220 figurae
1708 2161 1860 2206 solum
1891 2170 1898 2219 j

171 2246 334 2289 propp.
354 2237 422 2287 20,
442 2235 497 2274 37
523 2233 598 2286 (2
615 2233 704 2288 41),
737 2234 793 2274 38
811 2233 885 2287 (=
901 2232 992 2287 42),
1023 2234 1080 2273 43
1102 2232 1175 2287 (=
1193 2232 1282 2286 44),
1316 2234 1372 2274 50
1389 2232 1462 2287 (==
1480 2232 1570 2287 49),
1603 2234 1656 2273 51
1677 2231 1751 2286 (τ-
1770 2231 1858 2285 50),

174 2304 230 2342 56
263 2302 335 2356 (-.--
354 2300 450 2355 55),
495 2302 551 2340 57
582 2299 659 2354 (=
680 2299 774 2354 56),
816 2301 872 2341 58
904 2299 977 2354 (=
996 2299 1090 2353 57);
1129 2310 1317 2353 prorsus
1347 2298 1559 2341 mutatae
1589 2310 1751 2353 propp.
1786 2300 1856 2353 29,
1894 2318 1897 2324 ·

173 2369 251 2421 30,
289 2370 342 2408 31
386 2364 551 2408 eodem
588 2362 865 2408 mutationis
903 2377 1073 2421 genere
1113 2365 1161 2407 et
1200 2368 1256 2407 55
1288 2365 1362 2420 (=
1387 2366 1473 2420 54).
1543 2362 1595 2406 in
1630 2362 1858 2407 mutando

174 2445 355 2489 semper
384 2431 481 2475 fere
512 2429 739 2475 breuitati
771 2429 954 2474 studuit
983 2433 1162 2487 (propp.
1195 2437 1237 2487 4,
1271 2435 1312 2487 5,
1345 2436 1384 2486 6,
1419 2434 1458 2487 7,
1494 2435 1562 2487 10,
1597 2435 1666 2486 11,
1699 2434 1770 2486 3-2,
1801 2433 1861 2472 44
1899 2466 1901 2470 .

173 2514 218 2556 p.
246 2503 302 2545 98
327 2521 383 2536 =
405 2501 498 2555 45);
533 2496 955 2542 demonstrationes
986 2496 1056 2541 ita
1089 2498 1357 2542 decurtatae
1390 2496 1663 2553 saepissime
1695 2511 1723 2540 a
1752 2510 1859 2553 par-

311 2664 353 2730 j³‘)
394 2661 606 2707 Titulum
645 2661 669 2706 ὁ
709 2661 871 2718 μικρὸς
909 2661 1342 2718 ἀστρονομούμενος
1381 2658 1637 2704 scholiasta
1675 2642 1904 2704 demumw*

171 2721 558 2838 Pappssffglietw
597 2781 848 2837 usurpatur
883 2795 928 2836 p.
964 2784 1033 2836 68,
1068 2785 1143 2836 16,
1191 2779 1275 2836 VI,
1309 2782 1363 2822 81
1403 2793 1447 2835 p.
1483 2783 1553 2835 68,
1587 2783 1633 2834 6,
1681 2778 1767 2833 VI,
1800 2781 1855 2821 85
1900 2787 1904 2819 ί

171 2856 215 2898 p.
245 2845 394 2908 74,·15
413 2855 495 2897 sq.,
526 2840 604 2897 Ἦ,
630 2844 686 2884 86
710 2854 754 2896 p.
780 2842 851 2896 80,
878 2845 901 2882 1
922 2853 1004 2895 sq.,
1032 2839 1114 2905 VI,
1140 2842 1195 2882 89
1217 2853 1263 2895 p.
1285 2841 1353 2894 74,
1372 2842 1450 2890 20;
1478 2840 1634 2894 78,18.
1696 2837 1773 2892 VI,
1799 2839 1854 2879 82
1898 2839 1904 2912 ff

174 2905 291 2944 —84
322 2900 448 2943 idem
480 2900 838 2956 demonstratur,
871 2898 998 2954 quod
1027 2913 1078 2942 in
1108 2897 1328 2942 lemmate
1359 2912 1402 2953 p.
1431 2902 1501 2953 66,
1531 2900 1716 2953 18-70,
1743 2900 1811 2940 17.

1894 3030 1898 3070 1
