1904 3184
321 90 389 134 IN
421 89 775 133 OPTIOORUM
802 90 1235 135 RECENSIONEM
1265 91 1542 135 THEONIS.
1665 91 1774 145 255

84 207 461 280 ἀφισταμένου
514 216 615 263 τοῦ
668 207 942 279 μεγέθους
994 209 1157 274 ὄντος
1210 209 1520 283 ὡρισμένου
1569 214 1774 276 παντὸς

82 296 369 369 μεγέθους.

200 405 281 457 14.
344 406 469 457 Τῶν
515 404 621 475 γὰρ
661 403 1048 473 διαστημάτων
1094 403 1127 472 ἢ
1166 408 1378 474 μᾶλλον
1417 403 1771 458 ἀποστάσεων

16 518 19 535 ·
78 487 497 563 ’προχωρουσῶν
525 494 676 546 ἔσται
706 491 906 562 μεταξὺ
940 492 1228 562 διάστημα,
1260 488 1328 546 οὗ
1359 493 1421 545 αἱ
1448 491 1773 556 ἀποστάσεις

16 585 19 603 ¹
82 581 175 634 διὰ
212 581 274 634 τὸ
314 578 408 634 ἀπ’
443 580 698 650 ἀλλήλων
737 580 1146 650 ἀποσχισθῆναι
1186 581 1286 650 οὐχ
1325 581 1576 646 ἅψονται.
1833 593 1860 631 5

723 744 811 797 Ad
850 762 1001 814 prop.
1041 743 1135 797 IV.

194 849 279 903 15.
326 848 503 902 ’Έστω
551 851 827 919 τρίγωνον
872 848 1226 919 ὀρθογώνιον
1271 849 1333 902 τὸ
1372 851 1483 902 ΚΒ
1496 852 1540 902 Ζ
1587 849 1771 921 ὀρθὴν

50 1010 53 1011 ⁷
82 940 209 1008 ἔχον
239 939 341 1008 τὴν
370 939 510 1010 πρὸς
540 946 616 1011 τῷ
642 942 707 1007 Β,
749 943 862 991 ἴσαι
895 934 956 990 δὲ
988 939 1232 990 ἔστωσαν
1264 938 1326 990 αί
1353 941 1473 1007 ΒΓ,
1500 941 1616 1007 ΓΔ,
1641 944 1696 992 Λ
1707 943 1769 1007 Ζ,

68 1025 171 1081 ’καὶ
217 1026 633 1098 ἐπεζεύχθωσαν
679 1029 742 1081 αἱ
785 1030 917 1096 ΓΚ,
956 1029 1087 1079 ΔΚ.
1172 1025 1313 1096 φημὶ
1361 1028 1454 1097 δή,
1502 1028 1586 1081 ὅτι
1633 1028 1666 1098 ἡ
1705 1031 1779 1081 Μ

79 1110 83 1112 ’
913 1124 1010 1185 τῆς
1037 1119 1102 1169 Ν
1127 1119 1324 1185 μείζων
1357 1115 1522 1186 ἐστίν,
1553 1115 1587 1185 ἡ
1621 1114 1682 1170 δὲ
1711 1121 1777 1170 Ν
1803 1126 1859 1166 10

913 1212 1010 1274 τῆς
1034 1203 1093 1265 Ξ.
1140 1206 1298 1274 ἤχθω
1327 1206 1433 1276 γὰρ
1467 1205 1572 1260 ἀπὸ
1597 1213 1697 1259 τοῦ
1724 1209 1778 1260 Γ
1859 1239 1878 1247 «

912 1302 978 1365 τῇ
1018 1296 1140 1347 ΔΚ
1178 1294 1526 1365 παράλληλος
1571 1294 1604 1363 ἡ
1654 1297 1768 1349 ΓΛ.

913 1386 1063 1437 ἔστιν
1109 1384 1239 1454 ἄρα,
1291 1384 1364 1446 ὡς
1402 1383 1435 1453 ἡ
1475 1386 1595 1437 ΛΓ
1630 1385 1769 1455 πρὸς

914 1475 1045 1541 ΓΒ,
1120 1473 1295 1535 οὕτως
1356 1472 1389 1541 ἡ
1453 1475 1567 1526 ΚΛ
1631 1475 1769 1545 πρὸς

913 1564 1014 1631 τὴν
1054 1565 1177 1615 ΛΒ.
1247 1567 1337 1630 ἴση
1378 1559 1438 1615 δὲ
1477 1561 1510 1630 ἡ
1551 1565 1671 1615 ΛΓ
1700 1571 1766 1634 τῇ
1800 1570 1856 1611 15

914 1654 1042 1705 ΓΒ·
1114 1656 1204 1720 ἴση
1259 1653 1366 1722 ἄρα
1420 1650 1512 1704 καὶ
1566 1652 1598 1721 ἡ
1654 1655 1768 1705 ΚΛ

912 1749 977 1811 τῇ
1003 1744 1127 1794 ΛΒ.
1182 1738 1274 1794 καὶ
1306 1738 1422 1794 ἐπεὶ
1446 1740 1592 1810 ὀρθή
1617 1740 1767 1795 ἐστιν

912 1831 945 1900 ἡ
984 1831 1122 1901 πρὸς
1160 1838 1236 1902 τῷ
1270 1833 1334 1899 Β,
1373 1833 1570 1899 μείζων
1600 1829 1633 1898 ἡ
1668 1833 1767 1883 ΓΛ

911 1928 1006 1990 τῆς
1045 1923 1177 1989 ΛΒ,
1216 1917 1465 1972 τουτέστι
1504 1926 1599 1988 τῆς
1631 1922 1764 1971 ΛΚ·

913 2011 1051 2063 ὥστε
1082 2007 1174 2062 καὶ
1204 2010 1378 2077 γωνιά
1411 2007 1443 2077 ἡ
1472 2012 1547 2061 Μ
1568 2010 1765 2077 μείζων
1796 2017 1854 2057 20

20 2129 24 2152 ι
76 2093 192 2151 ἐστὶ
221 2105 317 2167 τῆς
343 2102 405 2152 0.
453 2098 592 2152 ἀλλὰ
616 2098 648 2167 ἡ
678 2103 724 2152 O
758 2104 847 2167 ἴση
874 2097 988 2152 ἐστὶ
1011 2106 1077 2169 τῇ
1104 2101 1184 2151 Ν·
1218 2095 1447 2160 εναλλάξ
1472 2097 1576 2168 γάρ
1602 2098 1763 2150 εἰσιν·

20 2198 26 2248 1
69 2183 224 2239 ml‘
196 2206 230 2255 η
262 2191 326 2240 Ν
358 2189 465 2258 ἄρα
503 2196 599 2257 τῆς
630 2192 704 2241 Μ
735 2187 982 2241 ἑλασσων
1014 2186 1179 2241 ε’στίν.
1241 2186 1409 2239 πάλιν
1442 2185 1547 2239 ἀπὸ
1580 2193 1679 2238 τοῦ
1709 2190 1765 2238 Δ

21 2269 25 2346 1
69 2282 142 2346 πῇ
166 2278 278 2329 ΖΚ
308 2277 658 2348 παραλληλος
695 2278 852 2348 ἤχθω
886 2277 919 2346 ἡ
950 2281 1004 2330 Δ
1015 2281 1096 2329 Π·
1137 2276 1383 2347 φανερὸν
1414 2275 1501 2343 δη,
1541 2274 1624 2327 ὅτι
1655 2273 1688 2343 ἡ
1721 2278 1771 2327 Ρ

22 2379 26 2435 Ι
73 2366 269 2434 μείζων
308 2365 458 2420 ἐστὶν
497 2366 686 2438 ὀρθῆς.
750 2367 888 2420 ὥστε
925 2365 1094 2419 πάλιν
1133 2362 1335 2434 ὁμοίως
1374 2362 1638 2433 δείξομεν,
1679 2363 1762 2417 ὅτι

22 2470 27 2505 ι
76 2448 112 2520 ἡ
155 2454 275 2507 ΠΛ
320 2459 518 2525 μείζων
564 2454 678 2509 ἐστὶ
731 2463 827 2525 τῆς
874 2458 1017 2508 HK·
1084 2455 1221 2508 ὥστε
1268 2451 1358 2507 καὶ
1405 2455 1579 2520 γωνία
1626 2452 1657 2521 ἡ
1705 2456 1851 2506 N25

195 2588 263 2630 14.
293 2585 370 2632 R1.
496 2591 564 2631 15.
598 2586 885 2643 V(Vat.qr);
918 2585 979 2630 ad
1003 2600 1046 2642 p.
1075 2589 1175 2642 158,
1202 2589 1272 2630 20.

194 2716 234 2757 1.
268 2711 515 2771 ὁρισμένου
547 2714 600 2758 R.
708 2717 745 2758 7.
781 2711 1093 2769 ὀρθογώνιον]
1131 2714 1220 2762 ,1,ον
1247 2710 1301 2754 V.
1403 2708 1577 2767 ὀρθήν]
1618 2712 1666 2759 ,l-
1704 2708 1758 2754 V.

136 2781 205 2823 19.
235 2785 316 2836 τῆς
332 2782 415 2837 (pr.
418 2781 454 2839 )]
478 2787 533 2840 τῇ
558 2780 628 2824 V?
728 2784 797 2823 21.
832 2778 1003 2822 Antev
979 2784 1059 2834 τῆς
1083 2776 1407 2821 ras.41itt.V.
1509 2773 1678 2829 ἐναλάξ
1704 2775 1757 2819 V

24 2863 25 2868 =
134 2839 204 2881 22.
237 2839 340 2943 Ὢ
349 2853 373 2884 e
405 2853 519 2884 corr.
551 2855 611 2884 m.
637 2852 725 2883 ree.
751 2838 806 2882 V.
922 2836 1143 2896 ἐλάσσων]
1177 2850 1324 2893 comp
1359 2849 1471 2881 corr.
1507 2848 1562 2879 ex
1595 2833 1758 2892 μείζων

26 2922 27 2926 =
74 2904 136 2944 11.
165 2909 241 2941 rec
462 2903 531 2944 23.
565 2899 687 2943 Ante
723 2901 761 2942 P
787 2911 901 2942 eras.
936 2914 963 2954 η
996 2896 1050 2941 V.
