1904 3184
130 1087 185 1127 10

131 1635 186 1675 15

130 2081 187 2120 20

131 2626 186 2667 25

213 111 323 164 240
564 112 921 155 OPTICORUM
950 109 1249 153 REOENSIO
1279 109 1559 152 THEONIS.

1010 259 1118 329 νβ’.

335 367 446 417 Τοῦ
478 365 718 434 ὄμματος
749 366 936 432 ἔγγιον
966 370 1065 416 τοῦ
1098 361 1383 434 ὁρωμένου
1406 365 1735 434 προσιόντος
1760 362 1904 428 δόξει

215 454 276 506 τὸ
317 452 602 523 ὁρώμενον
640 451 932 522 ηὐξῆσθαι.

331 542 559 614 ὁράσθω
586 542 690 612 γὰρ
716 542 777 595 τὸ
799 544 910 594 ΒΓ
934 547 1034 594 τοῦ
1066 542 1306 610 ὄμματος
1337 538 1424 593 ἐπὶ
1454 548 1554 594 τοῦ
1579 545 1625 594 Z
1655 540 1904 610 κειμένου

215 632 322 686 ὑπὸ
377 640 490 684 τῶν
547 634 675 699 ΖΒ,
727 633 836 683 ΖΓ
883 629 1138 698 ἀκτίνων,

214 718 306 773 καὶ
329 722 670 789 μετακείσθω
695 720 756 772 τὸ
783 717 929 789 ὄμμα
954 721 1140 787 ἔγγιον
1217 703 1280 758 -B
1832 703 1893 753 Γ

215 816 315 862 τοῦ
347 811 462 862 ΒΓ
490 806 582 861 καὶ
622 810 759 862 ἔστω
800 806 888 861 ε’πὶ
930 815 1029 861 τοῦ
1068 812 1139 876 Δ,

215 897 306 952 καὶ
345 898 572 969 ὁράσθω
612 898 674 951 τὸ
714 897 848 951 αὐτὸ
885 897 995 950 ὑπὸ
1027 906 1140 950 τῶν

215 991 329 1040 AB
340 1028 355 1056 ,
409 990 532 1040 ΔΓ
583 986 838 1040 ἀκτίνων.
932 986 1139 1039 οὐκοῦν

216 1079 414 1146 μείζων
448 1075 481 1144 ἡ
513 1081 568 1129 Δ
606 1079 782 1144 γωνία
820 1082 916 1144 τῆς
950 1078 995 1127 Ζ
1035 1095 1139 1143 γω-

216 1168 354 1229 νίας.
412 1166 479 1219 τὰ
511 1162 572 1218 δὲ·
606 1164 715 1218 ὑπὸ
746 1166 1010 1233 μειζόνων
1035 1183 1139 1231 γω-

215 1264 356 1308 νιῶν
403 1254 654 1325 ὁρώμενα
699 1255 918 1323 μείζονα
966 1255 1244 1323 φαίνεται·
1297 1250 1443 1316 δόξει
1489 1252 1595 1323 ἄρα
1633 1250 1904 1321 ηὐξῆσθαι

217 1345 278 1398 τὸ
312 1347 425 1398 ΒΓ
453 1350 553 1397 τοῦ
594 1345 834 1412 ὄμματος
866 1339 954 1395 ἐπὶ
986 1349 1086 1395 τοῦ
1119 1347 1174 1395 Δ
1213 1343 1374 1404 ὄντος
1411 1341 1547 1411 ἥπερ
1589 1338 1676 1394 ἐπὶ
1715 1348 1814 1394 τοῦ
1850 1339 1904 1399 Z}

1009 1517 1117 1588 νγ’.
1896 1519 1904 1589 j

339 1628 462 1678 Τῶν
510 1629 610 1678 ἰσω
659 1623 809 1693 τάχει
855 1621 1179 1694 φερομένων
1224 1623 1291 1676 τὰ
1337 1625 1526 1694 πόρρω
1575 1623 1730 1676 δοκεῖ
1775 1606 1904 1698 βραιξ

219 1715 454 1785 δύτερον
492 1712 780 1785 φέρεσθαι.
1894 1702 1904 1787 {j

331 1801 589 1874 φερέσθω
630 1802 734 1872 γὰρ
770 1803 1035 1870 ἰσοταχῶς
1066 1801 1133 1853 τὰ
1166 1803 1230 1869 Β,
1256 1803 1313 1852 K
1348 1800 1422 1863 ὡς
1455 1798 1543 1853 ἐπὶ
1573 1800 1640 1852 τὰ
1674 1803 1719 1852 Ζ
1757 1798 1855 1870 μέρ

218 1889 310 1945 καὶ
350 1891 456 1944 ἀπὸ
498 1898 597 1944 τοῦ
622 1895 675 1943 A
715 1892 955 1960 ὄμματος
988 1889 1202 1952 ἀκτῖνες
1240 1890 1507 1958 ἤχθωσαν
1538 1889 1600 1942 αἱ
1628 1894 1680 1942 A
1692 1891 1752 1958 Γ
1784 1893 1837 1941 Α

219 1985 344 2034 ΑΖ.
422 1980 630 2033 οὐκοῦν
684 1981 746 2033 τὸ
791 1982 849 2032 Κ
898 1978 1198 2042 ἐλάσσονας
1245 1980 1354 2047 ἔχει
1407 1978 1504 2040 τὰς
1551 1977 1657 2031 ἀπὸ
1711 1984 1811 2030 τοῦ

219 2071 458 2139 ὄμματος
511 2068 735 2131 ἀκτῖνας
788 2067 1028 2137 ἠγμένας
1080 2069 1217 2138 ἤπερ
1271 2068 1333 2120 τὸ
1388 2071 1459 2120 Β·
1523 2069 1748 2120 ἔλαττον
1802 2067 1904 2156 ἄρ,

220 2158 492 2228 διάστημα
539 2158 874 2211 διελεύσεται
920 2155 1012 2210 καὶ
1058 2159 1329 2227 πρότερον
1375 2156 1766 2227 παραλλάσσον
1807 2156 1904 2287 th}

219 2253 272 2300 Α
285 2251 329 2300 Ζ
369 2248 501 2312 ὄψιν
541 2245 686 2311 δόξει
724 2247 1026 2316 ταχύτερον
1065 2244 1351 2317 φέρεσθαι.

1890 2368 1899 2403 z

1012 2424 1083 2476 νδ
1092 2422 1121 2476 ’.

339 2531 450 2581 Τοῦ
498 2530 738 2597 ὄμματος
775 2525 1236 2598 παραφερομένου
1284 2526 1350 2579 τὰ
1388 2527 1576 2597 πόρρω
1616 2534 1728 2578 τῶν
1767 2484 1904 2599 ὁρωὶο

219 2616 400 2687 μένων
438 2619 863 2670 καταλείπεσθαι
899 2614 1059 2679 δόξει
1876 2596 1904 2658 ..!

342 2797 380 2836 1.
414 2791 514 2850 νβ’]
548 2791 591 2844 ξ’
617 2807 669 2848 p3
703 2790 789 2835 νθ’
816 2791 872 2846 V,
904 2806 963 2835 m.
999 2796 1022 2834 1
1056 2805 1106 2846 v3
1144 2790 1222 2838 ‘113'
1246 2805 1306 2833 m.
1341 2795 1366 2833 2
1398 2804 1440 2834 v.
1565 2794 1604 2834 2.
1640 2788 1816 2846 ἔγγειον
1847 2782 1891 2835 V

281 2857 321 2896 3.
353 2851 601 2908 ηὐξεῖσθαι
632 2851 687 2908 V,
729 2850 811 2894 sed
842 2864 956 2895 corr.
1094 2854 1133 2894 6.
1178 2849 1354 2906 ἔγγειον
1386 2849 1440 2893 V.
1578 2853 1616 2892 9.
1659 2850 1781 2892 Ante
1812 2852 1883 2898 Δ,

220 2924 310 2954 ras.
344 2915 368 2953 2
402 2910 493 2954 libb.
526 2925 567 2955 V.
722 2914 790 2954 10.
825 2911 980 2965 μεῖζον
1011 2924 1052 2953 v.
1208 2914 1275 2953 11.
1317 2909 1547 2965 μειζώνων
1578 2908 1633 2965 V,
1676 2908 1757 2952 sed
1788 2916 1888 2952 eorl·
