1904 3184
14 106 49 174 ³

13 313 23 331 “·
112 301 179 351 Ν
216 300 398 349 aufiem
440 297 502 349 in
547 301 614 351 A.
702 315 864 368 quare
912 315 1127 350 sursum
1173 297 1423 350 deorsum
1469 313 1657 349 uersae
1706 295 1795 349 ad-

767 87 1157 131 οΑΤοΡΤΒΙοΑ.
1694 83 1805 138 305
1835 138 1837 140 ,

114 209 257 262 sicut
293 208 354 260 in
390 207 623 277 speculis
653 207 831 278 planis
865 207 1243 278 conuexisque,
1281 209 1340 260 K
1370 206 1429 259 in
1459 209 1535 259 M
1564 205 1807 277 adparet,

14 1739 18 1752 .
44 1735 46 1741 ,
107 1681 313 1748 pereni.
374 1692 561 1728 rursus
593 1673 652 1725 in
683 1671 970 1725 altitudine
1002 1674 1154 1724 extra
1181 1690 1502 1727 concursum
1533 1675 1714 1744 posita
1737 1681 1796 1729 A

13 1795 18 1831 4
106 1766 167 1819 111
203 1769 269 1819 H
300 1765 546 1835 adparess,
591 1766 644 1815 E
680 1764 868 1834 *autem
913 1761 971 1813 in
1014 1764 1081 1831 Θ,
1137 1779 1324 1833 quare,
1370 1763 1510 1817 sicut
1557 1768 1660 1834 est,
1713 1765 1795 1819 ita

108 1855 347 1926 adparet.

219 1993 406 2028 rursus
438 1972 780 2044 profunditas
815 1971 887 2024 sit
910 1975 1026 2024 AE
1053 1975 1108 2024 et
1132 1974 1260 2040 ΚΘ,
1301 1972 1578 2042 speculum
1611 1977 1794 2029 autem

10 2113 13 2119 .
108 2082 404 2118 concauum
444 2065 577 2132 ΑΓ,
625 2061 812 2115 oculus
861 2064 1042 2115 autem
1081 2065 1150 2129 Β,
1181 2065 1252 2134 ‘eb
1298 2061 1434 2114 radii
1480 2062 1699 2116 refracti
1738 2067 1794 2117 et

106 2152 166 2206 in
206 2157 252 2206 Z
299 2155 693 2207 concurrentes
775 2150 959 2219 itaque
1006 2149 1170 2203 radiis
1218 2150 1495 2220 produchis
1543 2151 1795 2206 similiter

23 2311 25 2313 ‚
109 2246 311 2312 puncta
348 2244 425 2311 K,
460 2244 508 2293 Θ
554 2258 771 2293 sursum
818 2239 1070 2292 deorsum
1116 2257 1274 2293 uersa
1319 2239 1600 2311 adparent,
1646 2243 1704 2294 K
1736 2241 1795 2294 in

13 2352 20 2401 ξ
109 2333 171 2402 Γ,
200 2334 248 2384 Θ
279 2334 461 2383 autem
493 2329 552 2382 in
583 2333 653 2399 A,
684 2329 824 2381 sicut
856 2327 913 2380 in
945 2327 1176 2397 speculis
1207 2328 1383 2397 planis
1418 2329 1794 2402 conuexisque,

12 2408 52 2500 ’.ι
106 2424 184 2490 A,
222 2423 274 2473 Ε
315 2437 468 2486 uem,
524 2418 665 2471 sicut
713 2421 861 2487 sunt,
916 2421 968 2470 E
1011 2417 1235 2470 inferius
1281 2418 1339 2469 in
1386 2423 1459 2487 A,
1500 2423 1555 2471 A
1609 2422 1793 2473 autem

14 2516 31 2583 ⁵.'=
106 2508 351 2579 superius
389 2508 444 2561 in
488 2509 546 2561 Γ.

909 2655 990 2707 12.

165 2782 172 2791 “
216 2772 607 2845 Longitudines
657 2772 906 2841 obliquae
953 2772 1011 2824 in
1058 2773 1290 2843 speculis
1332 2775 1604 2845 concauis,
1652 2794 1788 2846 quae

17 2878 18 2881 ’
106 2859 252 2941 intra
282 2880 603 2917 concursum
634 2861 907 2915 radiorum
938 2860 1148 2930 positae
1185 2866 1326 2934 sunt,
1359 2863 1499 2917 sicut
1532 2868 1674 2937 sunt,
1711 2865 1791 2919 ita

195 2971 446 3014 Eucliden,
470 2972 550 3005 edd.
571 2972 742 3013 Heiberg
766 2974 803 3004 et
827 2972 976 3013 Menge.
1012 2972 1100 3005 VII.
1465 2971 1522 3011 20
