1904 3184
116 651 147 691 5

90 1095 149 1134 10

90 1540 147 1580 15

88 1983 150 2024 20

174 122 250 176 56
746 122 1030 164 EUOLIDIS
1063 122 1294 165 OPTIOA.

976 270 1081 340 λβ’.

287 375 414 430 Ἐὰν
453 376 559 429 ἀπὸ
599 383 699 428 τοῦ
739 377 979 444 ὄμματος
1023 376 1162 445 πρὸς
1199 376 1301 443 τὴν
1338 382 1438 427 τοῦ
1477 376 1661 428 κώνου
1703 376 1870 444 βάσιν

175 469 595 537 προσπίπτωσιν
620 464 850 532 ἀκτῖνες,
879 463 984 516 ἀπὸ
1010 461 1070 516 δὲ
1094 472 1206 516 τῶν
1229 473 1693 534 προσπιπτουσῶν
1720 464 1865 519 ἀκτι’-,

179 574 296 608 νων
332 552 425 606 καὶ
465 551 860 622 ἐφαπτομένων
899 551 1005 605 ἀπὸ
1044 561 1156 605 τῶν
1196 551 1358 621 ἁφῶν
1396 552 1612 605 εὐθεῖαι
1652 552 1868 622 ἀχθῶσι

179 642 273 695 διὰ
304 649 400 711 τῆς
424 641 745 710 ἐπιφανείας
775 648 875 693 τοῦ
898 641 1082 694 κώνου
1115 642 1252 710 πρὸς
1275 642 1376 709 τὴν
1399 643 1654 711 κορυφὴν
1678 642 1868 711 αὐτοῦ,

180 731 276 783 διὰ
315 727 376 783 δὲ
414 740 526 783 τῶν
566 729 847 799 ἀχθεισῶν
885 728 977 782 καὶ
1016 738 1129 783 τῶν
1167 729 1273 782 ἀπὸ
1313 737 1412 782 τοῦ
1454 732 1693 799 ὄμματος
1731 732 1868 799 πρὸς

178 821 282 888 τὴν
312 819 478 888 βάσιν
509 826 609 871 τοῦ
641 817 825 871 κώνου
856 827 1322 889 προσπιπτουσῶν
1355 818 1582 872 ἐπίπεδα
1607 819 1868 891 ἐκβληθῇ,

180 906 269 961 ἐπὶ
309 905 370 960 δὲ
407 915 505 976 τῆς
543 915 798 977 συναφῆς
836 907 1043 975 αὐτῶν,
1090 905 1374 960 τουτέστιν
1421 906 1507 960 ἐπὶ
1547 915 1642 976 τῆς
1681 917 1870 978 κοινῆς

178 1004 348 1066 τομῆς
386 1005 499 1049 τῶν
538 995 828 1064 ἐπιπέδων,
868 997 929 1049 τὸ
970 997 1115 1064 ὄμμα
1154 1001 1308 1066 τεθῇ,
1347 997 1408 1049 τὸ
1448 995 1731 1066 ὁρώμενον
1769 1004 1870 1049 τοῦ

178 1084 364 1139 κώνου
404 1086 498 1138 διὰ
536 1086 741 1148 παντὸς
780 1090 903 1138 ἴσον
942 1084 1250 1154 ὀφθήσεται
1281 1092 1376 1153 τῆς
1407 1086 1584 1149 ὄψεως
1615 1084 1702 1138 ἐπὶ
1732 1104 1869 1157 παρ-

180 1176 422 1243 αλλήλου
470 1174 729 1227 ἐπιπέδου
783 1182 858 1246 τῷ
904 1173 1355 1246 προϋποκειμένςο
1413 1173 1647 1246 ἐπιπέδῳ
1694 1174 1869 1246 ὑπαρ-

180 1265 397 1333 χούσης.

293 1354 428 1405 ἔστω
469 1361 669 1421 κῶνος,
717 1348 783 1405 οὗ
822 1352 983 1420 βάσις
1020 1348 1120 1420 μὲν
1159 1351 1187 1404 ὁ
1228 1354 1343 1404 ΒΓ
1379 1352 1603 1420 κύκλος,
1650 1354 1869 1422 κορυφὴ

181 1438 243 1493 δὲ
282 1441 344 1494 τὸ
384 1446 437 1493 A
476 1451 724 1510 σημεῖον,
772 1442 918 1510 ὄμμα
959 1438 1018 1493 δὲ
1058 1443 1194 1494 ἔστω
1234 1441 1296 1493 τὸ
1336 1445 1413 1509 Δ,
1460 1440 1558 1510 ἀφ’
1595 1437 1661 1494 οὗ
1699 1455 1902 1511 προσ-.

179 1529 528 1583 πιπτέτωσαν
568 1529 782 1593 ἀκτῖνες
820 1531 882 1583 αἱ
915 1534 970 1583 A
982 1534 1051 1598 Z,
1084 1535 1138 1582 A
1151 1532 1211 1598 Γ,
1258 1528 1348 1582 καὶ
1387 1529 1725 1599 ἀνήχθωσαν
1765 1530 1869 1584 ἀπὸ

180 1629 292 1672 τῶν
331 1629 599 1688 συναφῶν
637 1629 748 1672 τῶν
782 1623 844 1687 Ζ,
879 1621 933 1671 Γ
960 1619 1098 1688 πρὸς
1135 1619 1237 1687 τὴν
1268 1620 1524 1689 κορυφὴν
1555 1626 1654 1672 τοῦ
1685 1618 1871 1672 κώνου

179 1709 282 1777 τὴν
306 1712 359 1760 A
389 1705 622 1777 πλευραὶ
652 1714 752 1759 τοῦ
783 1705 967 1760 κώνου
1003 1708 1064 1759 αἱ
1094 1710 1211 1775 ΖΑ,
1238 1710 1353 1776 ΓΑ,
1392 1705 1483 1760 καὶ
1516 1707 1869 1776 ἐκβεβλήσθω

180 1800 245 1851 τό
285 1817 343 1850 τε
382 1798 475 1850 διὰ
513 1807 625 1850 τῶν
654 1802 709 1850 Δ
721 1801 783 1865 Ζ,
818 1800 918 1849 ΖΑ
958 1796 1216 1850 ἐπίπεδον
1254 1794 1346 1848 καὶ
1384 1798 1446 1849 τὸ
1487 1798 1579 1849 διὰ
1611 1806 1722 1850 τῶν
1755 1800 1872 1866 ΓΔ,

183 1889 298 1940 ΓΑ.
381 1887 599 1954 ποιήσει
645 1886 752 1955 ἄρα
797 1887 899 1954 τὴν
944 1887 1139 1954 κοινὴν
1185 1886 1359 1954 τομὴν
1406 1886 1648 1939 εὐθεῖαν.
1733 1888 1871 1939 ἔστω

181 1974 215 2044 ἡ
255 1979 436 2028 ΑΕΔ.
514 1973 680 2043 λέγω,
706 1974 835 2043 Υὅτι,
884 1973 980 2027 ἐὰν
1019 1972 1106 2026 ἐπὶ
1146 1982 1241 2042 τῆς
1279 1978 1453 2027 ΑΕΔ
1498 1979 1768 2045 μετατεθῇ
1808 1975 1871 2028 τὸ

181 2066 344 2134 ὄμμα,
375 2065 437 2117 τὸ
471 2068 595 2116 ἴσον
625 2070 724 2116 τοῦ
755 2062 940 2116 κώνου
971 2062 1298 2132 ὀφθήσεται,
1334 2063 1466 2116 ὅσον
1497 2062 1588 2116 καὶ
1619 2063 1728 2116 ὑπὸ
1760 2073 1872 2116 τῶν

180 2157 236 2206 Δ
247 2155 308 2222 Γ,
339 2157 394 2205 Δ
405 2157 450 2205 Ζ
490 2152 728 2206 ἀκτίνων
760 2151 1028 2221 ἐβλέπετο.
1082 2155 1289 2205 κείσθω
1323 2153 1426 2222 γὰρ
1461 2151 1548 2205 ἐπὶ
1579 2160 1675 2221 τῆς
1698 2156 1871 2205 ΑΕΔ

179 2243 243 2295 τὸ
290 2243 436 2311 ὄμμα
482 2243 543 2295 τὸ
583 2245 655 2310 Ε,
704 2239 800 2310 ἀφ’
845 2237 911 2294 οὗ
956 2238 1445 2311 προσπιπτέτωσαν
1484 2240 1698 2302 ἀκτῖνες
1734 2241 1873 2310 πρὸς

303 2392 341 2432 1.
374 2387 448 2460 λβ’
452 2387 470 2446 ]
495 2386 568 2434 λς’
594 2386 650 2443 V,
682 2386 756 2430 w'
782 2386 937 2430 BVat.
948 2401 990 2431 v
1084 2390 1123 2430 3.
1158 2383 1524 2444 προσπίπτωσιν]
1550 2368 1792 2441 προσπιπῗῖ
1816 2386 1869 2443 Β,

179 2445 594 2503 προσπιπτέτωσαν
618 2461 662 2502 v,
695 2447 743 2489 et
766 2445 888 2502 Vat„
922 2459 1034 2489 corr.
1059 2461 1118 2490 m.
1147 2451 1186 2490 2.
1279 2449 1320 2490 4.
1352 2446 1464 2504 τῶν]
1500 2459 1612 2490 corr.
1640 2458 1696 2488 ex
1720 2445 1801 2490 τόν
1826 2461 1868 2491 v.

243 2535 399 2594 ἁφῶν]
433 2535 630 2592 ἐπαφῶν
660 2550 720 2580 m
843 2539 883 2579 8.
916 2535 1096 2593 κοινῆς]
1129 2541 1301 2579 κοινῶν
1332 2534 1429 2590 BV,
1462 2517 1552 2578 κοῗΊ
1568 2534 1675 2579 Vat.
1799 2539 1869 2580 11.

181 2595 352 2683 ὑπαρξῖ
377 2625 435 2682 Β,
484 2626 532 2668 et
569 2624 700 2680 Van,
741 2638 854 2668 corr.
894 2639 954 2668 m.
988 2629 1035 2678 23
1083 2621 1356 2681 ὑπάρχουσα
1394 2638 1436 2667 v.
1590 2627 1659 2668 13.
1701 2625 1871 2683 κῶνος]

183 2727 331 2770 comp.
357 2713 408 2769 B,
441 2721 595 2758 κῶνον
626 2728 668 2758 V.
792 2716 861 2757 14.
894 2695 1186 2767 προσπιπτέὲ)
1215 2712 1266 2757 Β.
1379 2715 1448 2755 15.
1481 2715 1584 2767 ΔΖ,
1609 2717 1652 2756 Δ
1663 2714 1730 2771 Γ]
1763 2718 1806 2757 Δ
1818 2716 1868 2769 Γ,

180 2772 518 2899 151.Z}BVVa‡iG⁸V'
567 2773 796 2890 ΓΛ]ΛΔΓΙ]’
821 2785 1035 2875 fiffitss
1067 2771 1619 2875 Angsfiooet'olngA]
1653 2772 1871 2890 ἓτξθεῖῗῖ]

181 2898 313 2964 εὐθῧ]
337 2920 507 2977 BVat.,
541 2921 707 2964 εὐθεῖα
739 2935 781 2965 v.
911 2925 981 2964 20.
1017 2917 1118 2978 ἐπί]
1153 2933 1265 2964 corr.
1300 2932 1356 2962 ex
1388 2916 1488 2962 ἐπεί
1518 2934 1577 2964 m.
1699 2921 1798 2978 τῆς]
1831 2924 1863 2963 f
