1904 3184
114 1082 168 1121 10

115 1557 169 1597 15

118 2017 175 2058 20

118 2492 174 2531 25

198 90 306 140 140
576 89 838 131 SCHOLIA
868 89 934 130 IN
963 87 1248 130 EUCLIDIS
1281 87 1509 129 OPTICA.

312 211 392 263 73.
457 205 918 280 Παρεσπασμένοι
965 226 1015 276 p.
1066 208 1153 277 80,
1200 206 1265 276 7]
1320 207 1442 274 ἤτοι
1489 206 1567 269 εἰς
1612 205 1673 259 ἓν
1726 203 1892 275 μέρος

196 296 328 352 καθ’
365 298 502 366 ὅλην
539 300 673 367 μίαν
712 297 1008 368 διάμετρον
1048 295 1340 366 ἐπιμήκεις.

314 403 396 455 74.
453 400 544 454 Ἐν
574 401 681 472 γὰρ
713 408 790 473 τῷ
823 400 972 472 αὐτῷ
1006 401 1248 470 τμήματί
1275 400 1417 452 εἰσιν
1453 418 1502 468 p.
1530 398 1617 468 82,
1649 396 1742 467 23]
1783 396 1892 451 ὑπὸ

197 492 302 562 γὰρ
343 500 455 544 τῶν
495 490 680 544 αὐτῶν
719 489 960 543 ἀκτίνων
997 487 1318 560 περιέχεται.

312 596 396 649 75.
443 595 600 666 Πρὸς
639 593 818 665 ὀρθάς
854 613 903 663 p.
939 594 1027 663 84,
1062 594 1120 660 2]
1163 594 1486 661 σημείωσαι,
1527 591 1629 659 ὅτι,
1669 592 1720 644 εἰ
1754 591 1893 661 πρὸς

198 684 376 755 ὀρθὰς
414 683 637 753 ἕστηκεν
677 682 730 747 ἐξ
770 682 964 754 ἀρχῆς,
1008 683 1146 753 πρὸς
1185 681 1364 753 ὀρθὰς
1402 678 1676 750 φερέσθω.

312 789 395 841 76.
454 785 582 840 Ἐἀν
629 783 690 839 δὲ
737 785 844 839 ἀπό
889 805 940 855 p.
983 786 1077 856 84,
1117 784 1218 854 22]
1269 785 1352 838 ὅτι
1398 788 1489 837 ἴσα
1535 783 1602 836 τὰ
1650 785 1892 854 τρίγωνα

199 876 380 930 πάντα
411 879 663 945 γίνονται
694 875 761 928 τά
791 895 850 928 τε
879 874 989 928 ὑπὸ
1022 882 1118 943 τῆς
1149 873 1369 936 ἀκτῖνος
1399 871 1492 925 καὶ
1518 881 1631 925 τῶν
1654 872 1895 925 εὐθειῶν

200 968 558 1038 περιεχόμενα
596 963 688 1018 καὶ
727 971 894 1017 τοῦτο
934 1005 1099 1017 ......
1138 970 1238 1016 τοῦ
1277 964 1552 1034 παρόντος
1590 963 1825 1030 βιβλίου.

313 1071 396 1123 77.
461 1070 542 1122 Τὸ
590 1068 724 1122 αὐτό
771 1088 822 1138 Ρ.
857 1069 945 1138 88,
985 1067 1043 1136 3]
1091 1068 1212 1135 ἤτοι
1258 1065 1291 1134 ἡ
1332 1069 1460 1134 ΑΒ,
1492 1067 1612 1133 ΕΓ,
1653 1068 1785 1117 ΔΖ·
1837 1060 1904 1117 αῖ

202 1157 364 1212 αὐταὶ
403 1159 508 1229 γὰρ
552 1163 665 1211 ἴσαι
705 1157 1047 1227 ἐλήφθησαν.

315 1263 399 1316 78.
458 1260 712 1332 “Ημίσεια
765 1261 799 1330 ἡ
849 1261 957 1314 ὑπὸ
1006 1265 1176 1314 ΒΕΑ
1220 1280 1271 1331 p.
1306 1261 1398 1329 88,
1439 1260 1505 1330 8]
1562 1260 1653 1313 διὰ
1699 1261 1760 1313 τὸ
1804 1254 1896 1312 λδ’

202 1359 304 1405 τοῦ
330 1350 386 1404 α’
411 1360 524 1404 τῶν
549 1353 876 1420 Στοιχείων·
911 1351 1036 1420 δίχα
1060 1351 1166 1421 γὰρ
1191 1348 1445 1420 τέτμηται
1469 1350 1530 1403 τὸ
1554 1339 1904 1419 παραλληλόέ

204 1460 459 1512 γραμμον
497 1440 606 1495 ὑπὸ
646 1448 742 1510 τῆς
782 1443 886 1493 ΕΒ
927 1439 1165 1502 εὐθείας.

318 1545 400 1598 79.
451 1543 739 1613 Μέγιστον
771 1542 836 1597 δέ
863 1564 913 1614 p.
936 1544 1023 1613 88,
1053 1543 1144 1612 15]
1178 1543 1482 1613 φανήσεται
1515 1542 1620 1612 γὰρ
1654 1542 1896 1612 εὐρυχω-Ι

203 1632 401 1705 ροτέρα
447 1634 481 1703 ἡ
519 1635 659 1705 πρὸς
704 1641 779 1706 τῷ
820 1637 873 1686 Ε
914 1635 1114 1701 γωνία,
1169 1634 1222 1685 εί
1265 1631 1323 1685 ἐκ
1368 1639 1468 1684 τοῦ
1509 1637 1562 1684 Α
1608 1631 1900 1702 διάμετρος

203 1722 401 1792 ἀχθείη
440 1725 580 1794 πρὸς
617 1725 678 1777 τὸ
718 1722 883 1794 μέρος
920 1730 1020 1775 τοῦ
1059 1726 1122 1775 Β.

316 1829 402 1881 80.
457 1831 645 1880 Πᾶσαι
684 1827 789 1896 γὰρ
831 1827 892 1879 αἱ
927 1846 978 1895 p.
1010 1827 1099 1895 90,
1134 1823 1186 1896 7]
1230 1824 1370 1894 [ἴσα]
1412 1825 1516 1895 γὰρ
1556 1824 1623 1877 τὰ
1654 1827 1896 1894 τρίγωνα

205 1916 295 1986 [τὰ
341 1915 399 1983 ὑ]
412 1917 483 1969 πὸ
537 1924 634 1985 τῆς
679 1915 900 1978 ἀκτῖνος
956 1915 1078 1985 [τοῦ
1124 1914 1397 1983 ὄ]μματος
1442 1911 1534 1967 καὶ
1581 1922 1692 1966 τῶν
1732 1912 1894 1982 [ἀ]πὸ

207 2012 308 2058 τοῦ
347 2003 580 2076 κέντρου
622 2003 737 2074 [καὶ
776 2012 873 2073 τῆς
910 2010 964 2057 A
975 2003 1046 2073 Β]
1086 2005 1459 2074 περιεχόμενα.

324 2109 409 2162 81.
464 2107 628 2176 Μέση
677 2107 954 2175 ἀνάλογον
1000 2128 1050 2177 Ρ.
1091 2108 1180 2177 92,
1217 2106 1313 2175 23]
1363 2107 1501 2159 ὥστε
1539 2107 1601 2159 τὸ
1639 2105 1748 2158 ὑπὸ
1789 2113 1902 2158 τῶν

206 2199 392 2269 ἄκρων
434 2202 556 2251 ἴσον
594 2205 670 2270 τῷ
713 2196 818 2250 ἀπὸ
858 2204 958 2249 τοῦ
998 2195 1184 2266 μέσου.
1886 2248 1892 2254 ,

318 2303 404 2356 82.
452 2299 531 2354 ‘H
554 2305 612 2354 Σ
645 2309 741 2370 τῆς
779 2305 827 2353 Β
866 2303 1073 2368 γωνίας
1110 2303 1308 2370 μείζων
1346 2319 1397 2369 Ρ.
1431 2299 1518 2370 94,
1554 2300 1647 2365 11]
1688 2298 1722 2367 ἡ
1760 2298 1899 2368 πρὸς

206 2399 282 2464 τῷ
330 2395 388 2443 Σ
429 2393 604 2459 γωνία
651 2392 847 2460 μείζων
892 2398 989 2459 τῆς
1033 2391 1173 2461 πρὸς
1218 2397 1294 2462 τῷ
1336 2393 1406 2457 Β,
1462 2387 1647 2457 ἐπειδὴ
1693 2387 1900 2450 παντὸς

207 2481 483 2551 τριγώνου
522 2478 556 2548 ἡ
597 2478 750 2541 ἐκτὸς
788 2482 963 2547 γωνία
1005 2484 1094 2547 ἴση
1136 2477 1251 2531 ἐστὶ
1290 2476 1419 2531 δυσὶ
1458 2486 1577 2539 ταῖς
1616 2475 1769 2538 ἐντὸς
1806 2471 1898 2528 καὶ

206 2569 556 2637 ἀπεναντίον,
596 2569 870 2638 τριγώνου
903 2565 964 2620 δὲ
996 2575 1095 2620 τοῦ
1127 2572 1182 2619 Δ
1192 2570 1307 2620 ΒΣ
1335 2565 1486 2628 ἐκτός
1518 2565 1668 2618 ἐστιν
1699 2565 1732 2633 ἡ
1761 2565 1898 2635 πρὸς

206 2666 281 2730 τῷ
323 2662 381 2710 Σ
414 2659 605 2725 γωνία.

327 2837 394 2878 73.
427 2833 508 2878 Vb·
602 2838 670 2878 74.
704 2830 785 2877 Vb.
880 2837 947 2878 75.
981 2830 1063 2877 Vb.
1158 2836 1226 2877 76.
1259 2831 1340 2875 νῦ.
1445 2836 1512 2875 77.
1545 2830 1626 2874 νῦ.
1729 2833 1796 2872 78.
1829 2826 1896 2871 Vb

209 2891 306 2949 (διά
324 2920 380 2926 -—
400 2891 652 2950 Στοιχείων
670 2892 814 2936 etiam
830 2892 901 2949 A).
982 2897 1049 2937 79.
1076 2891 1157 2937 Vb.
1229 2895 1298 2934 80.
1324 2888 1404 2935 Vb.
1479 2894 1548 2933 81.
1573 2889 1650 2934 V2.
1725 2893 1794 2933 82.
1819 2887 1896 2932 V’.
