1904 3184
125 623 152 664 5

93 1069 150 1109 10

97 1513 150 1553 15

96 2048 155 2088 20

181 136 251 190 88
750 137 1034 180 Eucmms
1067 137 1297 181 οΡΤΙοΑ.

180 259 641 329 αλληλόγραμμον
679 258 786 328 ἄρα
826 255 940 310 ἐστὶ
978 258 1040 310 τὸ
1080 261 1194 310 ΑΕ
1210 260 1320 310 ΓΒ.
1385 257 1479 310 διὰ
1516 258 1583 310 τὰ
1622 257 1761 311 αὐτὰ
1800 258 1904 328 δὴ

178 348 752 418 παραλληλόγραμμόν
813 344 926 399 ἐστι
985 344 1078 399 καὶ
1131 348 1192 399 τὸ
1243 350 1356 398 ΕΔ
1366 348 1481 399 ΖΓ.
1581 349 1753 400 λείπει
1807 344 1904 401 δὲ.

181 435 370 505 δεῖξαι,
410 435 494 489 ὅτι
534 437 766 488 ἔλασσον
805 437 1061 504 φαίνεται
1100 436 1162 488 τὸ
1204 435 1338 488 αὐτὸ
1380 433 1473 488 καὶ
1502 438 1699 505 μεῖζον.
1763 455 1868 505 φα-

180 527 346 597 νερὸν
385 525 479 593 δή,
535 525 620 578 ὅτι
666 523 916 577 ἐλάσσων
961 522 1076 578 ἐστὶ
1121 527 1297 592 γωνία
1342 523 1375 592 ἡ
1422 523 1530 578 ὑπὸ
1573 528 1736 578 ΓΕΑ
1774 533 1870 594 τῆς

183 614 292 668 ὑπὸ
342 617 530 680 ΓΕΔ,
585 611 698 666 ἐπεὶ
745 611 1040 682 δέδεικται,
1096 614 1180 667 ὅτι
1225 622 1420 667 πασῶν
1464 623 1576 667 τῶν
1630 614 1723 667 διὰ
1769 621 1868 667 τοῦ

180 702 413 774 κέντρου
470 700 816 771 διαγομένων
878 702 1117 756 εὐθειῶν
1177 700 1269 756 καὶ
1322 712 1605 756 ποιουσῶν
1659 706 1870 771 γωνίαν

183 792 435 862 ἐλαχίστη
484 789 632 845 ἐστὶν
676 790 710 859 ἡ
755 791 865 845 ὑπὸ
907 794 1086 845 ΓΕΑ.
1172 792 1420 846 ἐλάσσων
1465 794 1573 862 ἄρα
1619 791 1734 845 ἐστὶ
1777 791 1871 845 καὶ

181 889 278 950 τῆς
322 881 431 934 ὑπὸ
474 883 653 934 ΓΕΔ.
728 883 825 933 καί
861 879 975 934 ἐστι
1020 889 1117 950 τῆς
1161 879 1261 951 μὲν
1299 881 1407 935 ὑπὸ
1451 884 1615 935 ΓΕΑ
1653 881 1868 951 ἡμίσεια

181 969 215 1039 ἡ
270 970 378 1023 ὑπὸ
428 973 618 1023 ΒΕΑ·
671 972 1243 1041 παραλληλόγραμμον
1288 971 1393 1041 γὰρ
1442 972 1771 1042 ἰσόπλευρον
1809 971 1872 1024 τὸ

183 1063 314 1112 ΒΕ·
354 1066 451 1128 τῆς
489 1056 550 1112 δὲ
587 1059 695 1112 ὑπὸ
730 1062 894 1112 ΓΕΔ
931 1058 964 1127 ἡ
1003 1059 1111 1112 ὑπὸ
1147 1063 1335 1112 ΖΕΔ·
1380 1062 1869 1130 παραλληλόγραμ-

183 1167 291 1218 μον
330 1149 435 1218 γὰρ
477 1149 808 1218 ἰσόπλευρον
853 1146 945 1200 καὶ
991 1149 1052 1201 τὸ
1103 1152 1220 1201 ΖΕ.
1312 1147 1404 1201 καὶ
1459 1147 1491 1217 ἡ
1547 1148 1655 1201 ὑπὸ
1704 1152 1872 1202 ΒΕΑ

182 1237 290 1307 ἄρα
338 1235 578 1289 ἐλάττων
624 1234 740 1290 ἐστὶ
785 1243 881 1305 τῆς
926 1235 1034 1289 ὑπὸ
1078 1240 1259 1290 ΖΕΔ.
1338 1238 1476 1291 ὥστε
1522 1235 1614 1290 καὶ
1660 1238 1721 1290 τὸ
1762 1241 1904 1290 AB·

183 1323 421 1395 μέγεθος
459 1332 559 1378 τοῦ
597 1329 708 1378 ΔΖ
748 1323 1021 1395 μεγέθους
1061 1327 1287 1379 ἔλαττον
1325 1325 1649 1396 ὀφθήσεται.

294 1412 386 1466 καὶ
426 1414 673 1485 φανερὸν
713 1413 772 1467 ἐκ
809 1421 909 1467 τοῦ
946 1413 1411 1485 προδεδειγμένου
1451 1417 1744 1485 λήμματος,
1789 1416 1904 1469 ὅτι-

184 1503 471 1572 ἐλοέχιστον
502 1500 602 1573 μὲν
633 1503 942 1573 ὀφθήσεται
973 1504 1111 1574 πρὸς
1141 1511 1216 1576 τῷ
1250 1510 1320 1573 Α,
1358 1503 1618 1574 μέγιστον
1649 1502 1708 1558 δὲ
1735 1506 1875 1574 πρὸς

183 1600 259 1665 τῷ
312 1593 449 1645 κατὰ
503 1592 799 1663 διάμετρον
845 1600 920 1664 τῷ
960 1598 1014 1645 Α
1060 1596 1289 1665 σημείῳ,
1346 1598 1469 1647 ἴσον
1523 1591 1583 1647 δὲ
1633 1595 1693 1647 τὸ
1751 1599 1875 1647 ἴσον

184 1679 388 1750 ἀπέχον
429 1679 518 1750 ἐφ’
555 1679 780 1752 ἑκάτερα
819 1688 919 1734 τοῦ
959 1686 1013 1734 A
1052 1684 1294 1751 σημείου.

976 1865 1050 1913 μα
1076 1886 1087 1897 .

293 1945 420 2000 Ἐὰν
460 1945 521 2000 δὲ
559 1948 621 2001 τὸ
662 1947 943 2019 ὁρώμενον
981 1949 1118 2019 πρὸς
1154 1948 1331 2019 ὀρθὰς
1365 1944 1395 2020 ᾗ
1426 1957 1502 2022 τῷ
1533 1948 1874 2024 ὑποκειμένῳ

187 2034 450 2108 ἐπιπέδῳ,
511 2039 836 2106 μεθίστηται
891 2033 952 2090 δὲ
1006 2039 1067 2091 τὸ
1123 2039 1268 2108 ὄμμα
1323 2037 1411 2091 ἐπὶ
1464 2039 1670 2092 κύκλου
1709 2057 1904 2111 ,περι--

187 2128 410 2198 φερείας
444 2123 674 2196 κέντρον
713 2128 933 2195 ἔχοντος
963 2127 1024 2179 τὸ
1058 2138 1300 2197 σημεῖον,
1339 2126 1470 2181 καθ’
1507 2127 1536 2181 ὃ
1576 2129 1904 2198 συμβάλλει·

186 2217 248 2269 τὸ
288 2213 523 2285 μέγεθος
560 2223 635 2288 τῷ
676 2214 937 2288 ἐπιπέδῳ,
991 2221 1114 2269 ἴσον
1152 2214 1236 2269 ἀεὶ
1274 2218 1336 2270 τὸ
1376 2216 1660 2287 ὁρώμενον
1699 2219 1875 2287 φανή-

186 2317 352 2358 σεται.

301 2395 436 2446 ἔστω
490 2392 772 2463 ὁρώμενον
825 2393 1060 2463 μέγεθος
1110 2396 1170 2447 τὸ
1218 2398 1327 2448 ΑΒ
1381 2395 1519 2465 πρὸς
1572 2393 1749 2465 ὀρθὰς
1801 2402 1876 2466 τῷ

310 2589 349 2630 1.
383 2582 502 2643 ἐστί]
537 2598 624 2628 om.
651 2599 710 2629 m.
832 2586 1035 2643 ΑΕΓΒ]
1069 2587 1259 2629 ΑΕΒΓ
1282 2584 1392 2629 Vm.
1514 2589 1555 2628 2.
1588 2584 1876 2642 παραλληλό-

189 2660 376 2700 γραμμα
407 2644 462 2700 Α,
497 2658 642 2700 comp.
675 2643 782 2688 Vat.
911 2644 963 2688 τὸ
997 2647 1081 2688 ΕΔ
1096 2645 1207 2703 ΖΓ]
1240 2659 1332 2701 mg.
1365 2659 1424 2689 m.
1459 2648 1484 2687 2
1517 2643 1572 2688 V.
1709 2649 1748 2688 3.
1784 2643 1891 2702 ὅτι]

188 2718 280 2759 mg.
313 2718 372 2747 m.
399 2708 425 2747 2
458 2703 512 2748 V.
638 2702 825 2748 ἔλαττον
855 2703 978 2759 vat„
1013 2717 1160 2760 comp.
1186 2718 1228 2748 v.
1351 2708 1391 2748 4.
1428 2702 1619 2747 ἔλασσον
1651 2717 1693 2760 v,
1727 2716 1875 2760 comp.

188 2762 297 2806 Vat.
449 2766 488 2807 5.
531 2759 657 2821 ἐπεί]
699 2776 792 2818 seq.
825 2776 914 2807 ras,
949 2767 975 2806 2
1008 2762 1099 2808 litt.
1134 2763 1188 2819 V,
1237 2761 1336 2806 ἐπεὶ
1368 2758 1454 2807 οὖν
1485 2762 1695 2807 Vat.Av.
1834 2766 1874 2807 6.

190 2819 385 2879 γωνίαν]
419 2821 572 2879 ὀρθὴν
605 2820 781 2879 γωνίαν
812 2822 922 2879 Vm,
957 2822 1110 2878 ὀρθήν
1142 2821 1248 2866 add.
1282 2837 1340 2866 m.
1376 2827 1402 2865 2
1433 2822 1540 2866 Vat.
1646 2826 1684 2865 7.
1720 2820 1875 2879 ΓΕΑ]

192 2883 324 2924 ΓΕΑ
356 2879 502 2938 γωνία
533 2897 592 2926 m.
723 2879 922 2926 ἐλάττων
954 2881 1074 2938 Vah„
1116 2895 1262 2937 comp.
1295 2895 1336 2925 v.
1475 2880 1568 2936 ἄρα
1601 2877 1718 2939 ἐστί]
1754 2879 1878 2925 ἐστὶν

189 2938 282 2995 ἄρα
314 2940 524 2985 Vat.Av.
663 2945 702 2985 8.
739 2941 891 2999 ΓΕΑ]
924 2945 960 2984 Α
991 2940 1040 2984 in
1071 2955 1161 2987 ras,
1193 2941 1249 2997 V,
1292 2942 1431 2984 ΓΕΔ
1461 2940 1523 2995 Α;
1573 2942 1712 2984 ΓΕΑ
1743 2954 1786 2996 v,
1827 2940 1876 2983 eb
