<?xml version="1.0" encoding="UTF-8"?>
<!DOCTYPE html PUBLIC "-//W3C//DTD XHTML 1.0 Transitional//EN"
    "http://www.w3.org/TR/xhtml1/DTD/xhtml1-transitional.dtd">
<html xmlns="http://www.w3.org/1999/xhtml" xml:lang="en" lang="en">
 <head>
  <title>
</title>
<meta http-equiv="Content-Type" content="text/html;charset=utf-8" />
  <meta name='ocr-system' content='tesseract 3.04.00' />
  <meta name='ocr-capabilities' content='ocr_page ocr_carea ocr_par ocr_line ocrx_word'/>
</head>
<body>
  <div class='ocr_page' id='page_1' title='image "./euclidisoperaomn07eucluoft_0064.png"; bbox 0 0 1904 3184; ppageno 0'>
   <div class='ocr_carea' id='block_1_1' title="bbox 945 623 1135 704">
    <p class='ocr_par' dir='ltr' id='par_1_1' title="bbox 945 623 1135 704">
     <span class='ocr_line' id='line_1_1' title="bbox 945 623 1135 704; baseline 0 -20"><span class='ocrx_word' id='word_1_1' title='bbox 945 623 1135 704; x_wconf 86' lang='grc' dir='ltr'><em>Όροι.</em></span> 
     </span>
    </p>
   </div>
   <div class='ocr_carea' id='block_1_2' title="bbox 100 753 1904 2776">
    <p class='ocr_par' dir='ltr' id='par_1_2' title="bbox 189 753 1882 915">
     <span class='ocr_line' id='line_1_2' title="bbox 305 753 1882 827; baseline 0.003 -20"><span class='ocrx_word' id='word_1_2' title='bbox 305 756 350 807; x_wconf 89' lang='grc'><em>1.</em></span> <span class='ocrx_word' id='word_1_3' title='bbox 406 753 750 808; x_wconf 75' lang='grc' dir='ltr'><em>Ὑποκείσθω</em></span> <span class='ocrx_word' id='word_1_4' title='bbox 805 755 902 818; x_wconf 80' lang='grc' dir='ltr'><em>τὰς</em></span> <span class='ocrx_word' id='word_1_5' title='bbox 955 754 1060 809; x_wconf 82' lang='grc' dir='ltr'><em>ἀπὸ</em></span> <span class='ocrx_word' id='word_1_6' title='bbox 1115 763 1214 808; x_wconf 86' lang='grc' dir='ltr'><em>τοῦ</em></span> <span class='ocrx_word' id='word_1_7' title='bbox 1262 757 1502 825; x_wconf 80' lang='grc' dir='ltr'><strong><em>ὄμματος</em></strong></span> <span class='ocrx_word' id='word_1_8' title='bbox 1554 755 1882 827; x_wconf 82' lang='grc' dir='ltr'><em>ἐξαγομένας</em></span> 
     </span>
     <span class='ocr_line' id='line_1_3' title="bbox 189 842 1879 915; baseline 0.002 -19"><span class='ocrx_word' id='word_1_9' title='bbox 189 843 411 906; x_wconf 78' lang='grc' dir='ltr'><em>εὐθείας</em></span> <span class='ocrx_word' id='word_1_10' title='bbox 442 845 694 914; x_wconf 81' lang='grc' dir='ltr'><em>γραμμὰς</em></span> <span class='ocrx_word' id='word_1_11' title='bbox 725 842 999 915; x_wconf 80' lang='grc' dir='ltr'><em>φέρεσθαι</em></span> <span class='ocrx_word' id='word_1_12' title='bbox 1023 845 1295 913; x_wconf 76' lang='grc' dir='ltr'><em>διάστημα</em></span> <span class='ocrx_word' id='word_1_13' title='bbox 1326 851 1579 914; x_wconf 78' lang='grc' dir='ltr'><em>μεγεθῶν</em></span> <span class='ocrx_word' id='word_1_14' title='bbox 1609 847 1879 915; x_wconf 77' lang='grc' dir='ltr'><em>μεγάλων.</em></span> 
     </span>
    </p>

    <p class='ocr_par' dir='ltr' id='par_1_3' title="bbox 302 930 1880 1005">
     <span class='ocr_line' id='line_1_4' title="bbox 302 930 1880 1005; baseline 0.003 -21"><span class='ocrx_word' id='word_1_15' title='bbox 302 933 351 985; x_wconf 85' lang='grc'><em>2.</em></span> <span class='ocrx_word' id='word_1_16' title='bbox 397 930 490 985; x_wconf 83' lang='grc' dir='ltr'><em>καὶ</em></span> <span class='ocrx_word' id='word_1_17' title='bbox 519 933 581 986; x_wconf 90' lang='grc' dir='ltr'><em>τὸ</em></span> <span class='ocrx_word' id='word_1_18' title='bbox 616 930 763 1003; x_wconf 75' lang='grc' dir='ltr'><em>[μὲν]</em></span> <span class='ocrx_word' id='word_1_19' title='bbox 794 933 903 987; x_wconf 84' lang='grc' dir='ltr'><em>ὑπὸ</em></span> <span class='ocrx_word' id='word_1_20' title='bbox 942 943 1055 986; x_wconf 89' lang='grc' dir='ltr'><em>τῶν</em></span> <span class='ocrx_word' id='word_1_21' title='bbox 1083 935 1266 998; x_wconf 81' lang='grc' dir='ltr'><em>ὄψεων</em></span> <span class='ocrx_word' id='word_1_22' title='bbox 1287 937 1676 1004; x_wconf 88' lang='grc' dir='ltr'><em>περιεχόμενον</em></span> <span class='ocrx_word' id='word_1_23' title='bbox 1701 943 1880 1005; x_wconf 84' lang='grc' dir='ltr'><em>σχῆμα</em></span> 
     </span>
    </p>

    <p class='ocr_par' dir='ltr' id='par_1_4' title="bbox 128 1017 1881 1182">
     <span class='ocr_line' id='line_1_5' title="bbox 128 1017 1881 1096; baseline 0.002 -22"><span class='ocrx_word' id='word_1_24' title='bbox 128 1032 156 1071; x_wconf 84' lang='grc'>5</span> <span class='ocrx_word' id='word_1_25' title='bbox 189 1017 331 1075; x_wconf 82' lang='grc' dir='ltr'><em>εἶναι</em></span> <span class='ocrx_word' id='word_1_26' title='bbox 362 1030 547 1075; x_wconf 86' lang='grc' dir='ltr'><em>κῶνον</em></span> <span class='ocrx_word' id='word_1_27' title='bbox 577 1023 679 1091; x_wconf 85' lang='grc' dir='ltr'><em>τὴν</em></span> <span class='ocrx_word' id='word_1_28' title='bbox 708 1024 967 1093; x_wconf 83' lang='grc' dir='ltr'><em>κορυφὴν</em></span> <span class='ocrx_word' id='word_1_29' title='bbox 998 1019 1099 1092; x_wconf 74' lang='grc' dir='ltr'><em>μὲν</em></span> <span class='ocrx_word' id='word_1_30' title='bbox 1131 1025 1324 1091; x_wconf 84' lang='grc' dir='ltr'><em>ἔχοντα</em></span> <span class='ocrx_word' id='word_1_31' title='bbox 1355 1023 1416 1076; x_wconf 84' lang='grc' dir='ltr'><em>έν</em></span> <span class='ocrx_word' id='word_1_32' title='bbox 1439 1031 1514 1096; x_wconf 78' lang='grc' dir='ltr'><em>τῷ</em></span> <span class='ocrx_word' id='word_1_33' title='bbox 1548 1025 1747 1094; x_wconf 81' lang='grc' dir='ltr'><strong><em>ὄμματι</em></strong></span> <span class='ocrx_word' id='word_1_34' title='bbox 1779 1026 1881 1094; x_wconf 85' lang='grc' dir='ltr'><em>τὴν</em></span> 
     </span>
     <span class='ocr_line' id='line_1_6' title="bbox 190 1107 1543 1182; baseline 0.001 -18"><span class='ocrx_word' id='word_1_35' title='bbox 190 1108 251 1164; x_wconf 76' lang='grc' dir='ltr'><em>δὲ</em></span> <span class='ocrx_word' id='word_1_36' title='bbox 288 1110 456 1180; x_wconf 77' lang='grc' dir='ltr'><em>βάσιν</em></span> <span class='ocrx_word' id='word_1_37' title='bbox 492 1112 631 1182; x_wconf 90' lang='grc' dir='ltr'><em>πρὸς</em></span> <span class='ocrx_word' id='word_1_38' title='bbox 668 1121 784 1174; x_wconf 82' lang='grc' dir='ltr'><em>τοῖς</em></span> <span class='ocrx_word' id='word_1_39' title='bbox 820 1111 1018 1182; x_wconf 82' lang='grc' dir='ltr'><strong><em>πέρασι</em></strong></span> <span class='ocrx_word' id='word_1_40' title='bbox 1062 1121 1172 1164; x_wconf 91' lang='grc' dir='ltr'><em>τῶν</em></span> <span class='ocrx_word' id='word_1_41' title='bbox 1212 1107 1543 1182; x_wconf 65' lang='grc' dir='ltr'><em>ὁρωμένων.’</em></span> 
     </span>
    </p>

    <p class='ocr_par' dir='ltr' id='par_1_5' title="bbox 187 1197 1882 1443">
     <span class='ocr_line' id='line_1_7' title="bbox 302 1197 1882 1271; baseline 0.002 -19"><span class='ocrx_word' id='word_1_42' title='bbox 302 1201 350 1252; x_wconf 83' lang='grc'><em>3.</em></span> <span class='ocrx_word' id='word_1_43' title='bbox 412 1198 505 1253; x_wconf 84' lang='grc' dir='ltr'><em>καὶ</em></span> <span class='ocrx_word' id='word_1_44' title='bbox 552 1199 794 1270; x_wconf 87' lang='grc' dir='ltr'><em>ὁρᾶσθαι</em></span> <span class='ocrx_word' id='word_1_45' title='bbox 840 1197 939 1270; x_wconf 77' lang='grc' dir='ltr'><em>μὲν</em></span> <span class='ocrx_word' id='word_1_46' title='bbox 986 1207 1181 1269; x_wconf 81' lang='grc' dir='ltr'><em>ταῦτα,</em></span> <span class='ocrx_word' id='word_1_47' title='bbox 1235 1202 1374 1271; x_wconf 88' lang='grc' dir='ltr'><em>πρὸς</em></span> <span class='ocrx_word' id='word_1_48' title='bbox 1420 1200 1453 1254; x_wconf 76' lang='grc' dir='ltr'><em>ἃ</em></span> <span class='ocrx_word' id='word_1_49' title='bbox 1501 1200 1571 1255; x_wconf 71' lang='grc' dir='ltr'><em>ἂν</em></span> <span class='ocrx_word' id='word_1_50' title='bbox 1617 1203 1679 1255; x_wconf 79' lang='grc' dir='ltr'><em>αἱ</em></span> <span class='ocrx_word' id='word_1_51' title='bbox 1726 1203 1882 1266; x_wconf 78' lang='grc' dir='ltr'><em>ὄψεις</em></span> 
     </span>
     <span class='ocr_line' id='line_1_8' title="bbox 187 1288 1879 1361; baseline 0.001 -19"><span class='ocrx_word' id='word_1_52' title='bbox 187 1291 597 1361; x_wconf 76' lang='grc' dir='ltr'><em>προσπίπτωσι,</em></span> <span class='ocrx_word' id='word_1_53' title='bbox 650 1291 723 1359; x_wconf 84' lang='grc' dir='ltr'><em>μὴ</em></span> <span class='ocrx_word' id='word_1_54' title='bbox 771 1289 1013 1361; x_wconf 81' lang='grc' dir='ltr'><em>ὁρᾶσθαι</em></span> <span class='ocrx_word' id='word_1_55' title='bbox 1061 1288 1146 1359; x_wconf 81' lang='grc' dir='ltr'><em>δέ,</em></span> <span class='ocrx_word' id='word_1_56' title='bbox 1198 1291 1337 1361; x_wconf 89' lang='grc' dir='ltr'><em>πρὸς</em></span> <span class='ocrx_word' id='word_1_57' title='bbox 1390 1290 1423 1343; x_wconf 78' lang='grc' dir='ltr'>ἃ</span> <span class='ocrx_word' id='word_1_58' title='bbox 1472 1290 1541 1344; x_wconf 76' lang='grc' dir='ltr'><em>ἂν</em></span> <span class='ocrx_word' id='word_1_59' title='bbox 1590 1292 1663 1360; x_wconf 90' lang='grc' dir='ltr'><em>μὴ</em></span> <span class='ocrx_word' id='word_1_60' title='bbox 1709 1305 1879 1361; x_wconf 89' lang='grc' dir='ltr'><em>προσ-</em></span> 
     </span>
     <span class='ocr_line' id='line_1_9' title="bbox 187 1379 766 1443; baseline -0.002 -11"><span class='ocrx_word' id='word_1_61' title='bbox 187 1382 463 1432; x_wconf 84' lang='grc' dir='ltr'><em>πίπτωσιν</em></span> <span class='ocrx_word' id='word_1_62' title='bbox 502 1379 564 1431; x_wconf 67' lang='lat' dir='ltr'><em>ac</em></span> <span class='ocrx_word' id='word_1_63' title='bbox 598 1380 766 1443; x_wconf 82' lang='grc' dir='ltr'><em>ὄψεις.</em></span> 
     </span>
    </p>

    <p class='ocr_par' dir='ltr' id='par_1_6' title="bbox 102 1464 1904 1715">
     <span class='ocr_line' id='line_1_10' title="bbox 102 1464 1879 1537; baseline 0.002 -20"><span class='ocrx_word' id='word_1_64' title='bbox 102 1478 159 1517; x_wconf 86' lang='grc'><em>10</em></span> <span class='ocrx_word' id='word_1_65' title='bbox 302 1467 354 1520; x_wconf 90' lang='lat'><em>4.</em></span> <span class='ocrx_word' id='word_1_66' title='bbox 407 1466 500 1520; x_wconf 84' lang='grc' dir='ltr'><em>καὶ</em></span> <span class='ocrx_word' id='word_1_67' title='bbox 546 1468 614 1520; x_wconf 79' lang='grc' dir='ltr'><em>τὰ</em></span> <span class='ocrx_word' id='word_1_68' title='bbox 660 1464 761 1537; x_wconf 75' lang='grc' dir='ltr'><em>μὲν</em></span> <span class='ocrx_word' id='word_1_69' title='bbox 802 1466 910 1520; x_wconf 89' lang='grc' dir='ltr'><em>ὑπὸ</em></span> <span class='ocrx_word' id='word_1_70' title='bbox 949 1469 1195 1536; x_wconf 79' lang='grc' dir='ltr'><em>μείζονος</em></span> <span class='ocrx_word' id='word_1_71' title='bbox 1234 1468 1438 1534; x_wconf 78' lang='grc' dir='ltr'><em>γωνίας</em></span> <span class='ocrx_word' id='word_1_72' title='bbox 1476 1466 1728 1537; x_wconf 77' lang='grc' dir='ltr'><em>ὁρώμενα</em></span> <span class='ocrx_word' id='word_1_73' title='bbox 1765 1469 1879 1536; x_wconf 91' lang='grc' dir='ltr'><em>μεί-</em></span> 
     </span>
     <span class='ocr_line' id='line_1_11' title="bbox 191 1553 1904 1627; baseline 0 -17"><span class='ocrx_word' id='word_1_74' title='bbox 191 1559 318 1622; x_wconf 81' lang='grc' dir='ltr'><em>ζονα</em></span> <span class='ocrx_word' id='word_1_75' title='bbox 357 1558 678 1627; x_wconf 81' lang='grc' dir='ltr'><em>φαίνεσθαι,</em></span> <span class='ocrx_word' id='word_1_76' title='bbox 716 1557 783 1609; x_wconf 85' lang='grc' dir='ltr'><em>τὰ</em></span> <span class='ocrx_word' id='word_1_77' title='bbox 822 1554 883 1609; x_wconf 74' lang='grc' dir='ltr'><em>δὲ</em></span> <span class='ocrx_word' id='word_1_78' title='bbox 914 1555 1021 1609; x_wconf 87' lang='grc' dir='ltr'><em>ὑπὸ</em></span> <span class='ocrx_word' id='word_1_79' title='bbox 1055 1555 1343 1618; x_wconf 78' lang='grc' dir='ltr'><em>ἐλάττονος</em></span> <span class='ocrx_word' id='word_1_80' title='bbox 1375 1554 1655 1625; x_wconf 76' lang='grc' dir='ltr'><em>ἐλάττονα,</em></span> <span class='ocrx_word' id='word_1_81' title='bbox 1696 1561 1787 1610; x_wconf 75' lang='grc' dir='ltr'><em>ἴσα</em></span> <span class='ocrx_word' id='word_1_82' title='bbox 1819 1553 1904 1610; x_wconf 77' lang='grc' dir='ltr'><em>δὲ·</em></span> 
     </span>
     <span class='ocr_line' id='line_1_12' title="bbox 188 1644 1142 1715; baseline -0.003 -16"><span class='ocrx_word' id='word_1_83' title='bbox 188 1647 255 1699; x_wconf 80' lang='grc' dir='ltr'><em>τὰ</em></span> <span class='ocrx_word' id='word_1_84' title='bbox 292 1645 401 1699; x_wconf 85' lang='grc' dir='ltr'><em>ὑπὸ</em></span> <span class='ocrx_word' id='word_1_85' title='bbox 442 1650 579 1698; x_wconf 78' lang='grc' dir='ltr'><em>ἴσων</em></span> <span class='ocrx_word' id='word_1_86' title='bbox 619 1653 839 1713; x_wconf 81' lang='grc' dir='ltr'><em>γωνιῶν</em></span> <span class='ocrx_word' id='word_1_87' title='bbox 878 1644 1142 1715; x_wconf 91' lang='grc' dir='ltr'><em>ὁρώμενα.</em></span> 
     </span>
    </p>

    <p class='ocr_par' dir='ltr' id='par_1_7' title="bbox 189 1731 1882 1895">
     <span class='ocr_line' id='line_1_13' title="bbox 301 1731 1882 1809; baseline 0 -21"><span class='ocrx_word' id='word_1_88' title='bbox 301 1734 350 1788; x_wconf 87' lang='lat'><em>5.</em></span> <span class='ocrx_word' id='word_1_89' title='bbox 404 1732 496 1788; x_wconf 83' lang='grc' dir='ltr'><em>καὶ</em></span> <span class='ocrx_word' id='word_1_90' title='bbox 534 1734 600 1787; x_wconf 79' lang='grc' dir='ltr'><em>τὰ</em></span> <span class='ocrx_word' id='word_1_91' title='bbox 639 1731 740 1803; x_wconf 75' lang='grc' dir='ltr'><em>μὲν</em></span> <span class='ocrx_word' id='word_1_92' title='bbox 770 1733 878 1786; x_wconf 84' lang='grc' dir='ltr'><em>ὑπὸ</em></span> <span class='ocrx_word' id='word_1_93' title='bbox 911 1731 1326 1804; x_wconf 89' lang='grc' dir='ltr'><em>μετεωροτέρων</em></span> <span class='ocrx_word' id='word_1_94' title='bbox 1358 1732 1598 1809; x_wconf 60' lang='grc' dir='ltr'><em>ἀκτίνων</em></span> <span class='ocrx_word' id='word_1_95' title='bbox 1629 1733 1882 1805; x_wconf 81' lang='grc' dir='ltr'><em>ὁρώμενα</em></span> 
     </span>
     <span class='ocr_line' id='line_1_14' title="bbox 189 1819 1879 1895; baseline -0.001 -17"><span class='ocrx_word' id='word_1_96' title='bbox 189 1825 559 1895; x_wconf 90' lang='grc' dir='ltr'><em>μετεωρότερα</em></span> <span class='ocrx_word' id='word_1_97' title='bbox 599 1825 926 1893; x_wconf 81' lang='grc' dir='ltr'><em>φαίνεσθαι,</em></span> <span class='ocrx_word' id='word_1_98' title='bbox 973 1823 1039 1875; x_wconf 82' lang='grc' dir='ltr'><em>τὰ</em></span> <span class='ocrx_word' id='word_1_99' title='bbox 1086 1819 1147 1875; x_wconf 74' lang='grc' dir='ltr'><em>δὲ</em></span> <span class='ocrx_word' id='word_1_100' title='bbox 1192 1822 1300 1876; x_wconf 85' lang='grc' dir='ltr'><em>ὑπὸ</em></span> <span class='ocrx_word' id='word_1_101' title='bbox 1347 1822 1750 1894; x_wconf 79' lang='grc' dir='ltr'><em>ταπεινοτέρων</em></span> <span class='ocrx_word' id='word_1_102' title='bbox 1788 1844 1879 1877; x_wconf 93' lang='grc' dir='ltr'><em>τα-</em></span> 
     </span>
    </p>

    <p class='ocr_par' dir='ltr' id='par_1_8' title="bbox 100 1915 491 1983">
     <span class='ocr_line' id='line_1_15' title="bbox 100 1915 491 1983; baseline 0.005 -21"><span class='ocrx_word' id='word_1_103' title='bbox 100 1923 156 1962; x_wconf 84' lang='grc'><em>15</em></span> <span class='ocrx_word' id='word_1_104' title='bbox 188 1915 491 1983; x_wconf 88' lang='grc' dir='ltr'><em>πεινότερα.</em></span> 
     </span>
    </p>

    <p class='ocr_par' dir='ltr' id='par_1_9' title="bbox 188 1997 1894 2251">
     <span class='ocr_line' id='line_1_16' title="bbox 301 1997 1880 2072; baseline 0 -16"><span class='ocrx_word' id='word_1_105' title='bbox 301 2004 350 2056; x_wconf 87' lang='grc'><em>6.</em></span> <span class='ocrx_word' id='word_1_106' title='bbox 411 2000 505 2055; x_wconf 86' lang='grc' dir='ltr'><em>καὶ</em></span> <span class='ocrx_word' id='word_1_107' title='bbox 558 2001 759 2071; x_wconf 91' lang='grc' dir='ltr'><em>ὁμοίως</em></span> <span class='ocrx_word' id='word_1_108' title='bbox 812 2001 879 2053; x_wconf 79' lang='grc' dir='ltr'><em>τὰ</em></span> <span class='ocrx_word' id='word_1_109' title='bbox 932 1997 1033 2070; x_wconf 76' lang='grc' dir='ltr'><em>μὲν</em></span> <span class='ocrx_word' id='word_1_110' title='bbox 1085 1999 1194 2054; x_wconf 87' lang='grc' dir='ltr'><em>ὑπὸ</em></span> <span class='ocrx_word' id='word_1_111' title='bbox 1251 1999 1586 2072; x_wconf 79' lang='grc' dir='ltr'><em>ὃεξιωτέρων</em></span> <span class='ocrx_word' id='word_1_112' title='bbox 1641 2001 1880 2056; x_wconf 83' lang='grc' dir='ltr'><em>ἀκτίνων</em></span> 
     </span>
     <span class='ocr_line' id='line_1_17' title="bbox 188 2087 1877 2163; baseline -0.001 -17"><span class='ocrx_word' id='word_1_113' title='bbox 188 2091 441 2163; x_wconf 85' lang='grc' dir='ltr'><em>ὁρώμενα</em></span> <span class='ocrx_word' id='word_1_114' title='bbox 481 2089 771 2161; x_wconf 80' lang='grc' dir='ltr'><em>δεξιώτερα</em></span> <span class='ocrx_word' id='word_1_115' title='bbox 811 2092 1131 2159; x_wconf 80' lang='grc' dir='ltr'><em>φαίνεσθαι,</em></span> <span class='ocrx_word' id='word_1_116' title='bbox 1170 2090 1237 2142; x_wconf 80' lang='grc' dir='ltr'><em>τὰ</em></span> <span class='ocrx_word' id='word_1_117' title='bbox 1276 2087 1338 2143; x_wconf 74' lang='grc' dir='ltr'><em>δὲ</em></span> <span class='ocrx_word' id='word_1_118' title='bbox 1375 2090 1483 2143; x_wconf 87' lang='grc' dir='ltr'><em>ὑπὸ</em></span> <span class='ocrx_word' id='word_1_119' title='bbox 1524 2090 1877 2163; x_wconf 83' lang='grc' dir='ltr'><em>ἀριστερωτέ-</em></span> 
     </span>
     <span class='ocr_line' id='line_1_18' title="bbox 189 2178 1894 2251; baseline -0.004 -18"><span class='ocrx_word' id='word_1_120' title='bbox 189 2200 305 2251; x_wconf 89' lang='grc' dir='ltr'><em>ρων</em></span> <span class='ocrx_word' id='word_1_121' title='bbox 344 2179 757 2251; x_wconf 87' lang='grc' dir='ltr'><em>ἀριστερώτερα.</em></span> <span class='ocrx_word' id='word_1_122' title='bbox 1892 2178 1894 2182; x_wconf 80' lang='grc'><strong>’</strong></span> 
     </span>
    </p>

    <p class='ocr_par' dir='ltr' id='par_1_10' title="bbox 301 2265 1894 2340">
     <span class='ocr_line' id='line_1_19' title="bbox 301 2265 1894 2340; baseline 0.001 -18"><span class='ocrx_word' id='word_1_123' title='bbox 301 2270 350 2322; x_wconf 87' lang='lat'><em>7.</em></span> <span class='ocrx_word' id='word_1_124' title='bbox 397 2269 463 2322; x_wconf 79' lang='grc' dir='ltr'><em>τὰ</em></span> <span class='ocrx_word' id='word_1_125' title='bbox 495 2265 556 2322; x_wconf 77' lang='grc' dir='ltr'><em>δὲ</em></span> <span class='ocrx_word' id='word_1_126' title='bbox 587 2268 695 2322; x_wconf 87' lang='grc' dir='ltr'><em>ὑπὸ</em></span> <span class='ocrx_word' id='word_1_127' title='bbox 727 2270 1000 2321; x_wconf 88' lang='grc' dir='ltr'><em>πλειόνων</em></span> <span class='ocrx_word' id='word_1_128' title='bbox 1031 2277 1252 2336; x_wconf 83' lang='grc' dir='ltr'><em>γωνιῶν</em></span> <span class='ocrx_word' id='word_1_129' title='bbox 1283 2268 1533 2339; x_wconf 89' lang='grc' dir='ltr'><em>ὁρώμενα</em></span> <span class='ocrx_word' id='word_1_130' title='bbox 1568 2268 1894 2340; x_wconf 81' lang='grc' dir='ltr'><em>ἀκριβε’στε-’</em></span> 
     </span>
    </p>

    <p class='ocr_par' dir='ltr' id='par_1_11' title="bbox 101 2360 1050 2447">
     <span class='ocr_line' id='line_1_20' title="bbox 101 2360 1050 2447; baseline 0.007 -41"><span class='ocrx_word' id='word_1_131' title='bbox 101 2367 158 2406; x_wconf 81' lang='lat'><em>20</em></span> <span class='ocrx_word' id='word_1_132' title='bbox 191 2378 294 2430; x_wconf 90' lang='grc' dir='ltr'><em>ρον</em></span> <span class='ocrx_word' id='word_1_133' title='bbox 325 2360 644 2428; x_wconf 79' lang='grc' dir='ltr'><em>φαίνεσθαι.</em></span> <span class='ocrx_word' id='word_1_134' title='bbox 1038 2430 1050 2447; x_wconf 52' lang='grc' dir='ltr'><em>Ι</em></span> 
     </span>
    </p>

    <p class='ocr_par' dir='ltr' id='par_1_12' title="bbox 996 2451 1066 2484">
     <span class='ocr_line' id='line_1_21' title="bbox 996 2451 1066 2484; baseline 0.014 -1"><span class='ocrx_word' id='word_1_135' title='bbox 996 2451 1030 2483; x_wconf 92' lang='grc' dir='ltr'><strong><em>α</em></strong></span> <span class='ocrx_word' id='word_1_136' title='bbox 1055 2472 1066 2484; x_wconf 92' lang='grc'><em>.</em></span> 
     </span>
    </p>

    <p class='ocr_par' dir='ltr' id='par_1_13' title="bbox 305 2524 1539 2598">
     <span class='ocr_line' id='line_1_22' title="bbox 305 2524 1539 2598; baseline -0.001 -17"><span class='ocrx_word' id='word_1_137' title='bbox 305 2524 486 2581; x_wconf 73' lang='grc' dir='ltr'><em>Οὐδὲν</em></span> <span class='ocrx_word' id='word_1_138' title='bbox 525 2536 637 2580; x_wconf 91' lang='grc' dir='ltr'><em>τῶν</em></span> <span class='ocrx_word' id='word_1_139' title='bbox 675 2525 971 2598; x_wconf 85' lang='grc' dir='ltr'><em>ὁρωμένων</em></span> <span class='ocrx_word' id='word_1_140' title='bbox 1011 2528 1120 2596; x_wconf 78' lang='grc' dir='ltr'><em>ἅμα</em></span> <span class='ocrx_word' id='word_1_141' title='bbox 1160 2527 1292 2581; x_wconf 82' lang='grc' dir='ltr'><em>ὅλον</em></span> <span class='ocrx_word' id='word_1_142' title='bbox 1331 2527 1539 2598; x_wconf 86' lang='grc' dir='ltr'><em>ὁρᾶται.</em></span> 
     </span>
    </p>

    <p class='ocr_par' dir='ltr' id='par_1_14' title="bbox 190 2614 1876 2776">
     <span class='ocr_line' id='line_1_23' title="bbox 301 2614 1876 2687; baseline 0 -17"><span class='ocrx_word' id='word_1_143' title='bbox 301 2619 438 2670; x_wconf 83' lang='grc' dir='ltr'><em>ε”στω</em></span> <span class='ocrx_word' id='word_1_144' title='bbox 477 2617 582 2687; x_wconf 84' lang='grc' dir='ltr'><em>γὰρ</em></span> <span class='ocrx_word' id='word_1_145' title='bbox 622 2616 903 2686; x_wconf 91' lang='grc' dir='ltr'><em>ὁρώμενόν</em></span> <span class='ocrx_word' id='word_1_146' title='bbox 935 2635 986 2668; x_wconf 90' lang='grc' dir='ltr'><em>τι</em></span> <span class='ocrx_word' id='word_1_147' title='bbox 1017 2617 1078 2669; x_wconf 91' lang='grc' dir='ltr'><em>τὸ</em></span> <span class='ocrx_word' id='word_1_148' title='bbox 1111 2621 1238 2684; x_wconf 79' lang='grc' dir='ltr'><em>ΑΔ,</em></span> <span class='ocrx_word' id='word_1_149' title='bbox 1277 2617 1421 2685; x_wconf 82' lang='grc' dir='ltr'><em>ὄμμα</em></span> <span class='ocrx_word' id='word_1_150' title='bbox 1454 2614 1514 2669; x_wconf 78' lang='grc' dir='ltr'><em>δὲ</em></span> <span class='ocrx_word' id='word_1_151' title='bbox 1546 2618 1681 2670; x_wconf 84' lang='grc' dir='ltr'><em>ἔστω</em></span> <span class='ocrx_word' id='word_1_152' title='bbox 1714 2618 1775 2670; x_wconf 89' lang='grc' dir='ltr'><em>τὸ</em></span> <span class='ocrx_word' id='word_1_153' title='bbox 1808 2621 1876 2686; x_wconf 83' lang='grc' dir='ltr'><em>Β,</em></span> 
     </span>
     <span class='ocr_line' id='line_1_24' title="bbox 190 2703 1875 2776; baseline 0 -17"><span class='ocrx_word' id='word_1_154' title='bbox 190 2705 286 2776; x_wconf 81' lang='grc' dir='ltr'><em>ἀφ’</em></span> <span class='ocrx_word' id='word_1_155' title='bbox 323 2703 390 2759; x_wconf 84' lang='grc' dir='ltr'><em>οὗ</em></span> <span class='ocrx_word' id='word_1_156' title='bbox 428 2703 918 2776; x_wconf 82' lang='grc' dir='ltr'><em>προσπιπτέτωσαν</em></span> <span class='ocrx_word' id='word_1_157' title='bbox 957 2706 1110 2769; x_wconf 79' lang='grc' dir='ltr'><em>ὄψεις</em></span> <span class='ocrx_word' id='word_1_158' title='bbox 1156 2706 1217 2758; x_wconf 79' lang='grc' dir='ltr'><em>αἱ</em></span> <span class='ocrx_word' id='word_1_159' title='bbox 1252 2708 1380 2774; x_wconf 82' lang='lat' dir='ltr'><em>BA,</em></span> <span class='ocrx_word' id='word_1_160' title='bbox 1420 2707 1541 2774; x_wconf 78' lang='grc' dir='ltr'><em>ΒΓ,</em></span> <span class='ocrx_word' id='word_1_161' title='bbox 1581 2708 1713 2774; x_wconf 85' lang='lat' dir='ltr'><em>RK,</em></span> <span class='ocrx_word' id='word_1_162' title='bbox 1752 2709 1875 2759; x_wconf 86' lang='lat' dir='ltr'><em>BA.</em></span> 
     </span>
    </p>
   </div>
   <div class='ocr_carea' id='block_1_3' title="bbox 188 2796 336 2801">
    <p class='ocr_par' dir='ltr' id='par_1_15' title="bbox 188 2796 336 2801">
     <span class='ocr_line' id='line_1_25' title="bbox 188 2796 336 2801; baseline 0 0"><span class='ocrx_word' id='word_1_163' title='bbox 188 2796 336 2801; x_wconf 95' lang='lat' dir='ltr'><em> </em></span> 
     </span>
    </p>
   </div>
   <div class='ocr_carea' id='block_1_4' title="bbox 338 2796 543 2801">
    <p class='ocr_par' dir='ltr' id='par_1_16' title="bbox 338 2796 543 2801">
     <span class='ocr_line' id='line_1_26' title="bbox 338 2796 543 2801; baseline 0 0"><span class='ocrx_word' id='word_1_164' title='bbox 338 2796 543 2801; x_wconf 95' lang='lat' dir='ltr'><em> </em></span> 
     </span>
    </p>
   </div>
   <div class='ocr_carea' id='block_1_5' title="bbox 190 2826 1875 2946">
    <p class='ocr_par' dir='ltr' id='par_1_17' title="bbox 190 2826 1875 2946">
     <span class='ocr_line' id='line_1_27' title="bbox 309 2826 1875 2885; baseline 0 -13"><span class='ocrx_word' id='word_1_165' title='bbox 309 2834 348 2872; x_wconf 90' lang='lat'><em>1.</em></span> <span class='ocrx_word' id='word_1_166' title='bbox 383 2828 640 2874; x_wconf 81' lang='grc' dir='ltr'><em>Εὐκλείδου</em></span> <span class='ocrx_word' id='word_1_167' title='bbox 674 2829 856 2873; x_wconf 84' lang='grc' dir='ltr'><em>ὀπτικοὶ</em></span> <span class='ocrx_word' id='word_1_168' title='bbox 892 2827 994 2885; x_wconf 77' lang='grc' dir='ltr'><em>ὅροι</em></span> <span class='ocrx_word' id='word_1_169' title='bbox 1024 2828 1344 2884; x_wconf 72' lang='lat' dir='ltr'><strong>VVat.va;</strong></span> <span class='ocrx_word' id='word_1_170' title='bbox 1394 2826 1650 2872; x_wconf 71' lang='grc' dir='ltr'><em>Εὐκλείδου</em></span> <span class='ocrx_word' id='word_1_171' title='bbox 1690 2826 1875 2873; x_wconf 77' lang='grc' dir='ltr'><em>ὀπτικά.</em></span> 
     </span>
     <span class='ocr_line' id='line_1_28' title="bbox 190 2885 1874 2946; baseline -0.002 -12"><span class='ocrx_word' id='word_1_172' title='bbox 190 2887 292 2944; x_wconf 77' lang='grc' dir='ltr'><em>ὅροι</em></span> <span class='ocrx_word' id='word_1_173' title='bbox 322 2889 497 2933; x_wconf 83' lang='grc' dir='ltr'><em>τούτων</em></span> <span class='ocrx_word' id='word_1_174' title='bbox 528 2889 660 2933; x_wconf 75' lang='lat' dir='ltr'>Vat.1</span> <span class='ocrx_word' id='word_1_175' title='bbox 689 2901 904 2932; x_wconf 84' lang='lat' dir='ltr'>numeros</span> <span class='ocrx_word' id='word_1_176' title='bbox 938 2903 1023 2933; x_wconf 88' lang='lat' dir='ltr'><em>om.</em></span> <span class='ocrx_word' id='word_1_177' title='bbox 1060 2888 1192 2932; x_wconf 85' lang='lat' dir='ltr'>codd.</span> <span class='ocrx_word' id='word_1_178' title='bbox 1314 2893 1354 2932; x_wconf 80' lang='lat'><em>4,</em></span> <span class='ocrx_word' id='word_1_179' title='bbox 1388 2885 1491 2946; x_wconf 84' lang='grc' dir='ltr'><em>μέν]</em></span> <span class='ocrx_word' id='word_1_180' title='bbox 1526 2887 1681 2943; x_wconf 79' lang='lat' dir='ltr'>dele03</span> <span class='ocrx_word' id='word_1_181' title='bbox 1714 2888 1798 2944; x_wconf 81' lang='grc' dir='ltr'><em>μὸο</em></span> <span class='ocrx_word' id='word_1_182' title='bbox 1827 2902 1874 2944; x_wconf 81' lang='lat' dir='ltr'><em>v,</em></span> 
     </span>
    </p>
   </div>
   <div class='ocr_carea' id='block_1_6' title="bbox 1897 2784 1904 2928">
    <p class='ocr_par' dir='ltr' id='par_1_18' title="bbox 1897 2784 1904 2928">
     <span class='ocr_line' id='line_1_29' title="bbox 1897 2784 1904 2928; baseline 0 0"><span class='ocrx_word' id='word_1_183' title='bbox 1897 2784 1904 2928; x_wconf 95' lang='lat' dir='ltr'><em> </em></span> 
     </span>
    </p>
   </div>
  </div>
 </body>
</html>
