1904 3184
148 113 215 157 VI
826 114 1176 158 PRAEFATIO.

327 237 596 303 correcta,
641 234 677 286 f.
719 232 1029 287 353—354
1069 232 1287 305 (chart.)
1313 233 1676 286 ·Archimedis
1724 233 1850 304 περὶ

327 333 439 376 τῶν
476 323 640 376 ὕδατι
681 322 1078 392 ἐφισταμένων.
1155 323 1362 377 contuli
1399 324 1531 392 ipse.

158 419 303 473 vat}
333 446 400 462 =
428 421 542 473 cod.
566 418 741 473 Uatic.
776 418 866 472 Gr.
896 421 1053 489 1039,
1094 419 1325 473 chartac.
1361 439 1400 473 s.
1433 419 1550 473 XV.
1609 421 1854 474 continet

327 509 597 562 Element.
635 508 766 561 libb.
805 507 1130 577 XIV—XV,
1177 509 1371 577 Optica
1410 510 1477 561 ad
1514 528 1565 578 p.
1604 511 1723 576 118,
1767 511 1853 580 10,

328 597 710 651 Phaenomena
734 596 867 669 (des.
895 602 1009 650 ι”σαι
1032 596 1373 669 περιφέρειαι
1400 599 1462 650 αἱ
1490 586 1551 651 5}
1580 585 1646 662 ἐξ
1693 597 1853 666 λέγω,

333 685 455 758 ὅτι).
533 687 682 740 locos
723 687 985 756 quosdam
1022 686 1250 756 inspexi.

251 802 307 836 m
333 810 400 826 =
430 784 543 836 cod.
577 782 835 836 Marcian.
876 781 965 835 Gr.
999 783 1122 854 303,
1159 784 1341 837 bomb.
1383 803 1421 836 S.
1455 783 1603 851 XIV,
1643 784 1707 836 de
1749 802 1854 853 quo

338 891 388 925 n.
421 871 471 925 V
509 892 561 942 p.
593 870 742 925 VIII.
819 871 1080 942 descripsi
1119 870 1365 926 Uenetiis
1408 875 1568 926 1881.

278 967 330 1021 A
354 993 423 1012 =
451 969 564 1022 cod.
603 966 855 1022 Ambros
893 967 944 1021 A
982 970 1053 1022 92
1103 987 1217 1038 sup.
1266 968 1502 1038 quinque
1548 968 1858 1039 fragmenta

336 1057 581 1111 codicum
613 1055 1030 1129 diuersorum*),
1063 1076 1292 1127 quorum
1316 1058 1567 1110 ultimum
1602 1057 1717 1129 (fol.
1750 1059 1854 1112 139

338 1146 554 1216 -142,
618 1146 784 1199 chart.
841 1165 882 1198 s,
928 1145 1054 1217 XV)
1117 1150 1378 1215 quattuor
1439 1147 1586 1200 foliis
1649 1148 1856 1200 formae

335 1235 590 1289 minimae
630 1234 950 1304 Opticorum
996 1235 1239 1289 continet
1284 1256 1335 1305 p.
1380 1238 1463 1306 78,
1507 1238 1570 1290 11
1613 1238 1750 1307 πρός
1788 1267 1851 1274 -

337 1327 424 1395 82,
459 1325 556 1395 14,
602 1344 652 1394 Ρ.
685 1325 770 1392 86,
802 1325 834 1377 9
875 1325 1052 1395 ὀρθάς
1083 1357 1156 1363 —-
1187 1326 1274 1395 90,
1305 1327 1338 1379 3
1380 1325 1498 1396 ἐάν,
1545 1346 1595 1395 p.
1631 1326 1754 1396 104,
1788 1327 1856 1378 16

339 1415 447 1483 ἄρα
478 1444 550 1451 —
587 1413 707 1476 110,
738 1415 788 1483 3,
828 1433 879 1483 p.
915 1414 1038 1484 112,
1069 1415 1103 1466 5
1143 1413 1382 1467 ἀκτίνων
1412 1445 1486 1452 —-
1520 1415 1640 1484 116,
1675 1415 1709 1467 2
1748 1422 1857 1482 τῆς.

340 1501 573 1555 contulit
611 1501 878 1554 Henricus
918 1501 1130 1572 Menge.

261 1599 319 1653 D
343 1624 412 1642 =
439 1598 551 1652 cod.
592 1598 782 1651 Dresd.
830 1598 922 1651 lat.
962 1598 1058 1651 Db
1100 1599 1194 1668 86,
1240 1599 1466 1651 membr.
1515 1618 1554 1651 s,
1595 1598 1741 1668 XIV,
1795 1601 1859 1653 de

342 1707 447 1758 quo
480 1706 529 1740 u.
565 1686 775 1758 Gurtze,
813 1686 1072 1740 Zeitschr.
1096 1687 1131 1740 f.
1156 1687 1328 1740 Math.
1352 1708 1402 1740 n.
1427 1687 1586 1757 Phys,
1619 1687 1860 1742 XXVIII

339 1777 467 1830 hist.
499 1777 667 1829 Abth.
699 1795 750 1845 p.
786 1777 813 1827 1
836 1794 949 1845 sqq.
981 1775 1107 1829 hinc
1140 1774 1254 1847 (fol.
1285 1774 1618 1847 111—1221)
1652 1778 1859 1847 sumpsi

339 1865 845 1935 interpretationem
883 1864 1157 1935 Latinam,
1194 1865 1253 1917 in
1292 1884 1398 1934 qua
1440 1866 1642 1918 edenda
1682 1867 1862 1920 ortho-

346 1955 630 2028 graphiam
648 1950 1098 2026 codicis1neglexi,
1121 1953 1227 2005 nisi
1245 1954 1302 2005 in
1325 1954 1607 2007 uocabulis
1626 1953 1863 2026 GraeciS,

295 2147 337 2204 ²¹⁶)
371 2145 461 2191 Cfr.
490 2144 680 2200 Rivola,
716 2143 828 2187 Vita
862 2142 910 2186 di
941 2142 1161 2187 Federico
1193 2143 1442 2188 Borromeo
1474 2160 1518 2201 p.
1553 2150 1658 2189 314:
1698 2146 1861 2190 Hebbe

179 2207 319 2252 cotal'
347 2206 575 2263 apparato
608 2217 691 2247 suo
721 2202 951 2259 principio
985 2202 1045 2246 da
1076 2217 1170 2246 una
1203 2203 1396 2247 colletta
1428 2203 1476 2246 di
1504 2203 1627 2262 libri,
1660 2205 1730 2248 ch'
1758 2219 1860 2250 esso

174 2265 398 2311 Federico
432 2263 706 2308 dimorando
738 2261 788 2305 in
810 2262 959 2305 Roma
982 2275 1136 2305 mosso
1163 2262 1223 2306 da
1245 2262 1546 2319 magnanimo
1573 2263 1736 2321 spirito
1761 2265 1860 2308 fece

174 2325 299 2370 nelle
336 2323 590 2382 pubbliche
628 2321 788 2379 piazze
825 2320 1109 2377 raccogliere
1150 2335 1174 2364 e
1215 2335 1491 2378 comperare.
1555 2323 1741 2367 Venuto
1781 2338 1860 2368 era

177 2386 270 2430 alle
304 2383 512 2428 orecchie
545 2381 594 2425 di
625 2381 705 2438 lui,
739 2381 824 2424 che
855 2380 991 2423 molti
1022 2379 1131 2424 libri
1164 2380 1261 2424 cosi
1293 2381 1518 2438 stampati
1543 2396 1672 2427 come
1696 2398 1860 2427 manu-

178 2443 330 2489 scritti
377 2443 416 2487 si
456 2454 750 2499 esponevano
796 2441 944 2483 tratto
983 2441 1131 2483 tratto
1173 2439 1302 2483 dalla
1341 2455 1476 2484 rozza
1516 2442 1573 2485 ed
1612 2441 1861 2499 ignorante

175 2505 314 2561 plebe
352 2502 402 2546 in
439 2500 662 2559 pubblico
703 2513 839 2555 sopra
877 2498 922 2542 le
961 2499 1142 2555 panche
1183 2513 1208 2542 0
1247 2499 1406 2544 tavole
1444 2514 1527 2557 per
1566 2515 1691 2546 esser
1729 2516 1859 2546 come

175 2578 294 2621 poco
333 2561 479 2606 buoni
518 2576 546 2604 a
578 2557 892 2616 qualsivoglia
923 2557 1167 2614 bottegaio
1206 2572 1289 2614 per
1318 2558 1527 2616 invoglio
1565 2575 1591 2604 o
1623 2574 1707 2618 per
1737 2561 1859 2604 altro

178 2621 379 2678 servigio
405 2620 453 2665 di
478 2634 562 2663 sua
583 2616 894 2663 mercatantia
917 2617 1125 2672 venduti,
1151 2630 1176 2660 e
1201 2617 1490 2675 spiacquegli
1517 2619 1555 2662 si
1580 2620 1861 2664 fattamente

176 2682 207 2725 l'
240 2681 496 2736 intendere,
529 2679 614 2723 che
645 2692 673 2722 a
706 2676 745 2721 si
774 2676 945 2720 misera
977 2676 1035 2720 ed
1065 2675 1253 2720 infelice
1286 2679 1408 2720 sorte
1442 2677 1481 2720 si
1514 2682 1860 2736 soggettassero

179 2741 283 2798 que'
307 2739 434 2797 parti
459 2775 467 2783 .
490 2776 497 2783 .
520 2775 527 2783 .
548 2776 556 2783 .
583 2737 668 2781 che
694 2773 702 2782 .
723 2772 732 2781 .
753 2772 761 2780 .
789 2735 951 2780 ordino
985 2735 1047 2778 ad
1077 2750 1142 2778 un
1173 2750 1255 2779 suo
1280 2735 1528 2793 familiare,
1562 2739 1646 2783 che
1670 2738 1717 2782 la
1743 2738 1860 2782 citta

176 2802 307 2844 tutta
338 2798 387 2842 di
418 2798 605 2854 quando
636 2796 686 2839 in
717 2795 903 2852 quando
943 2808 1026 2851 per
1066 2808 1148 2838 suo
1182 2794 1367 2852 diporto
1402 2810 1628 2842 scorresse
1660 2811 1685 2842 e
1717 2797 1862 2841 cotali

179 2859 311 2916 libri,
343 2872 439 2902 non
471 2857 655 2901 estante
687 2855 771 2899 che
800 2867 884 2911 per
914 2853 1145 2898 antichita
1176 2854 1335 2911 guasti
1365 2854 1541 2900 fossero
1665 2892 1697 2913 .‚
1738 2871 1862 2900 com-

181 2932 371 2976 perasse
404 2917 461 2961 ed
493 2931 520 2961 a
553 2930 663 2961 casa
693 2913 762 2973 gli
792 2913 970 2958 facesse
1103 2915 1304 2970 portare.
