1904 3184
174 105 284 158 120
738 105 1024 148 EUCLIDIS
1055 105 1287 149 ΟΡΤῙΟΑ.
1874 0 1904 162 1

173 226 343 280 πάλιν
381 223 496 279 ἐπεὶ
535 226 568 294 ἡ
607 222 709 295 μὲν
749 227 850 278 ΓΖ
881 233 947 296 τῇ
989 228 1092 278 ΖΒ
1133 224 1284 279 ε’στιν
1323 230 1438 294 ἴση,
1476 225 1510 295 ἡ
1551 224 1612 280 δὲ
1650 231 1760 281 ΛΖ
1798 236 1863 299 τῇ
1896 229 1904 262 ¹

177 319 296 385 ZA,
335 314 474 368 ἀλλά
511 312 604 366 καὶ
643 314 676 382 ἡ
708 317 818 366 ΑΒ
858 322 924 385 τῇ
957 316 1074 382 ΓΔ,
1114 315 1176 366 αἱ
1209 324 1355 385 τρεῖς
1393 316 1500 386 ἄρα
1533 325 1653 380 ταῖς
1683 316 1865 387 τρισὶν
1898 312 1904 371 !

177 409 292 458 ἴσαι
346 405 476 472 εἰσί,
530 401 623 455 καὶ
675 404 852 470 γωνία
905 405 1095 474 γωνίᾳ.
1191 408 1280 471 ἴση
1327 405 1435 474 ἄρα
1481 407 1784 474 φανήσεται
1831 405 1863 475 ἡ

175 493 386 563 πλευρὰ
439 501 504 563 τῇ
558 495 794 563 πλευρᾷ,
849 491 923 554 ὡς
975 490 1067 544 καὶ
1121 493 1182 545 αἱ
1232 491 1419 546 λοιπαὶ
1463 493 1696 565 πλευραὶ
1752 499 1904 549 ἴσαιῑ

114 592 144 632 ’5
177 583 537 652 φανήσονται.
1900 618 1904 627 .

1897 660 1904 697 ι

298 733 406 799 Τῆς
459 726 519 782 δὲ
574 728 680 782 ἀπὸ
726 735 826 781 τοῦ
874 729 1114 798 ὄμματος
1167 728 1255 782 ἐπὶ
1304 731 1406 799 τὴν
1453 733 1712 801 συναφὴν
1757 716 1904 792 τῶνξ

179 817 489 890 διαμέτρων
537 819 671 888 μήτε
716 818 854 888 πρὸς
899 817 1076 888 ὀρθὰς
1123 819 1292 887 οὔσης
1336 827 1412 891 τῷ
1453 819 1689 893 ἐπιπέδῳ
1736 807 1904 916 μήτεὲ

182 914 302 977 ἴσης
341 905 568 979 ἑκατέρᾳ
612 915 725 960 τῶν
771 905 878 959 ἀπὸ
924 914 1020 975 τῆς
1059 915 1314 977 συναφῆς
1355 909 1494 979 πρὸς
1531 909 1628 972 τὰς
1665 912 1904 995 γωνίας]

180 1004 280 1050 τοῦ
318 997 667 1068 τετραγώνου
706 993 993 1065 ἀγομένων
1030 997 1163 1065 μήτε
1203 1001 1326 1059 ἴσας
1363 1000 1569 1065 γωνίας
1605 997 1904 1093 ποιούσης]

92 1095 150 1136 10
180 1084 296 1156 μετ’
339 1086 525 1139 αὐτῶν
571 1086 634 1138 αἱ
675 1084 959 1155 διάμετροι
1005 1085 1188 1138 ἄνισοι
1232 1088 1590 1155 φανήσονται.
1669 1086 1904 1157 ὁμοίωςὲ

180 1176 286 1246 γὰρ
334 1173 584 1245 δείξομεν
635 1175 703 1227 τὰ
748 1175 1151 1243 συμβαίνοντα,
1205 1174 1457 1246 καθάπερ
1511 1174 1604 1229 καὶ
1651 1176 1712 1230 ἐν
1757 1149 1904 1262 τοῖςὲ

180 1265 420 1327 κύκλοις.
1892 1264 1904 1364 ἱ

302 1429 342 1470 2.
375 1425 478 1483 AB]
510 1429 546 1468 A
577 1423 627 1468 in
658 1438 748 1469 ras.
780 1424 836 1469 V.
960 1429 1000 1470 3.
1034 1421 1152 1469 εἰσίν
1183 1439 1224 1468 v.
1347 1422 1513 1486 γωνίᾳ]
1546 1425 1626 1470 καὶ
1651 1423 1797 1486 γωνίᾳ
1828 1392 1904 1471 ηιξ

244 1519 284 1559 4.
317 1511 514 1572 πλευρά]
548 1485 582 1557 izv
613 1514 668 1559 V.
762 1512 859 1558 ἴσαι
891 1512 1205 1572 φανήσονται]
1238 1527 1332 1569 seq.
1367 1515 1486 1570 spak.
1518 1527 1620 1558 uae.
1647 1519 1672 1558 6
1705 1513 1796 1559 litt.
1829 1529 1872 1572 v,

187 1617 276 1648 om.
309 1618 369 1647 m.
485 1607 523 1646 6.
558 1603 681 1647 Ante
713 1610 794 1660 τῆς
826 1602 994 1660 adpon.
1029 1576 1084 1632 6!
1119 1602 1174 1659 V,
1216 1604 1264 1646 ef,
1302 1602 1351 1646 in
1381 1618 1472 1660 mg.
1507 1602 1624 1647 haec
1655 1603 1904 1661 legunturj,

183 1661 322 1707 initio
370 1661 542 1707 reciso:
591 1697 717 1707 .....
753 1661 864 1718 μήτε
911 1662 1027 1718 πρὸς
1074 1660 1226 1718 ὀρθάς
1404 1659 1495 1706 πὲδ
1537 1662 1648 1719 μήτε
1697 1661 1770 1720 ἴση
1817 1669 1874 1722 τῇ
1892 1677 1904 1716 ‚2-

186 1721 388 1779 (punctis
422 1721 530 1778 del.)
571 1719 767 1782 ἑκατέρᾳ
804 1729 896 1766 τῶν
935 1721 1029 1766 ἀπὸ
1064 1728 1146 1779 τῆς
1177 1728 1391 1795 συναφῆς
1428 1721 1545 1778 πρὸς
1581 1720 1665 1773 τὰς
1703 1720 1904 1796 γωνίας]

184 1789 268 1826 τοῦ
306 1781 598 1838 τετραγώνου
637 1778 881 1837 ἀγομένων
920 1780 1031 1837 μήτε
1068 1780 1171 1832 ἴσας
1202 1797 1375 1838 γωνιας
1404 1796 1486 1825 ποι
1508 1817 1546 1826 ..
1579 1779 1676 1838 μετ’
1706 1783 1904 1839 ochram,-

186 1840 238 1885 αἱ
269 1838 510 1897 διάμετροι
542 1839 697 1885 ἄνισοι
730 1839 1036 1896 φανήσονται.
1101 1839 1268 1898 ὁμοίως
1306 1839 1394 1898 γὰρ
1428 1838 1640 1897 δείξομεν
1675 1840 1733 1885 τὰ
1765 1838 1904 1934 ‹svn-3

186 1897 429 1960 βαίνοντα,
461 1897 683 1956 καθάπερ
716 1899 767 1944 ἐν
798 1907 895 1951 τοῖς
925 1900 1111 1951 κύκλοις
1143 1902 1250 1957 (mg.
1287 1899 1539 1958 ἔσφαλται).
1603 1901 1657 1944 In
1687 1916 1734 1944 m
1765 1902 1877 1945 anto

184 1967 267 2017 τῆς
297 1959 384 2003 ins.
427 1957 567 2018 [έ]ὰν
607 1956 658 2003 δὲ
689 1958 719 2016 ἡ
752 1958 828 2003 ἐπὶ
859 1959 945 2016 τὴν
977 1959 1194 2017 συναφὴν
1225 1966 1305 2016 τῆς
1337 1957 1587 2016 διαμέτρου
1619 1959 1730 2016 μήτε
1762 1950 1904 2016 πρὸς-’ζ

187 2017 339 2076 ὀρθὰς
369 2012 398 2093 ᾗ
429 2022 492 2078 τῷ
524 2016 728 2078 ἐπιπέδῳ
760 2018 872 2075 μήτε
905 2017 979 2075 ι”ση
1010 2026 1066 2078 τῇ
1099 2017 1295 2075 ἑκατέρα
1326 2027 1418 2064 τῶν
1442 2019 1538 2064 ἀπὸ
1561 2026 1642 2076 τῆς
1666 2011 1904 2082 συναφῆςζ

186 2079 305 2135 πρὸς
341 2094 426 2129 τας
465 2075 638 2135 γωνίας
674 2084 757 2122 τοῦ
795 2079 1087 2135 τετραγώνου
1125 2064 1369 2135 ἀγομένων
1416 2078 1527 2135 μήτε
1567 2077 1669 2130 ἴσας
1706 2076 1904 2157 γωνίαςῦζ

187 2145 300 2198 ποιῇ
334 2135 431 2194 μετ’
461 2138 616 2182 αὐτῶν
647 2139 764 2193 κτλ.,
804 2151 925 2193 quae
958 2152 1098 2194 supra
1131 2151 1155 2182 e
1188 2138 1231 2182 V
1261 2153 1353 2195 mg.
1388 2137 1553 2184 adtuli.
1705 2145 1786 2195 τῆς
1824 2135 1900 2183 δὲ.

188 2197 283 2242 ἀπὸ
315 2204 397 2242 τοῦ
431 2196 653 2256 ὄμματος]
691 2204 783 2242 τῶν
817 2196 1141 2254 διαστημάτων
1172 2197 1322 2242 va.
1474 2202 1513 2242 8.
1556 2196 1675 2256 ἴσης]
1717 2196 1790 2254 ἴση
1821 2202 1895 2263 τῇςζ

187 2294 338 2339 va.
489 2294 601 2352 τῶν]
634 2287 674 2350 (ζ,
707 2293 762 2337 V.
917 2298 987 2338 10.
1020 2293 1193 2353 ἄνισοι]
1227 2307 1340 2339 corr.
1375 2308 1431 2338 ex
1464 2308 1659 2338 ....σαι
1689 2293 1744 2350 V,
1785 2293 1898 2354 &exj

191 2359 288 2405 ἴσαι
320 2376 361 2405 v.
497 2364 566 2404 12.
600 2361 806 2418 κύκλοις]
838 2377 932 2411 -οις
961 2359 1012 2404 in
1043 2375 1131 2405 ras.
1164 2361 1220 2418 V,
1253 2363 1488 2412 κυκλικοῖς
1519 2375 1560 2405 v,
1682 2361 1736 2404 In
1766 2355 1896 2407 finea'z

189 2418 317 2472 τέλος
347 2427 440 2465 τῶν
473 2419 687 2464 ὀπτῦκῶν
720 2417 957 2464 εὐκλείδου
989 2435 1030 2464 v.
1870 2407 1894 2452 's
