1904 3184
183 63 289 115 298
835 65 1224 110 CATOPTRICA.

183 187 394 237 κλασιν.
470 182 564 236 καὶ
602 184 764 252 λοιπὴ
805 184 912 254 ἄρα
948 183 983 252 ἡ
1025 188 1072 238 Ο
1110 193 1176 255 τῇ
1216 189 1280 238 Π
1312 189 1403 253 ἴση
1445 184 1612 239 ἐστίν.
1679 187 1875 255 μείζων

186 273 293 343 ἄρα
329 271 364 340 ἡ
404 275 455 325 Ρ
493 279 591 341 τῆς
631 276 693 326 Ο.
771 270 885 326 ἐπεὶ
923 274 1030 343 γὰρ
1069 273 1103 342 ἡ
1142 277 1193 326 Ρ
1230 277 1406 342 γωνιά
1445 282 1542 343 τῆς
1579 278 1643 327 Π
1679 277 1876 344 μείζων

188 359 303 414 ἐστὶ
342 361 436 414 διὰ
475 362 537 415 τὸ
579 361 733 424 ἐκτὸς
770 357 937 430 εἶναι,
983 361 1016 430 ἡ
1058 359 1119 415 δὲ
1157 366 1222 415 Π
1260 371 1326 433 τῇ
1369 366 1416 416 0
1463 368 1581 432 ἴση,
1629 362 1720 416 καὶ
1760 362 1793 431 ἡ
1835 368 1884 416 Ρ

185 451 292 521 ἄρα
337 459 433 519 τῆς
482 455 530 503 Ο
583 454 781 520 μείζων
826 451 991 504 ἐστίν.
1083 453 1242 521 κοινὴ
1287 455 1640 523 προσκείσθω
1688 453 1721 521 ἡ
1767 452 1875 506 ὑπὸ

128 553 155 592 5
189 543 359 592 ΟΡΖ.
422 548 831 609 συμπεσοῦνται
863 542 971 611 ἄρα
1002 541 1063 594 αἱ
1092 543 1211 609 ΓΖ,
1236 544 1363 594 ΛΗ
1392 541 1466 603 ὡς
1498 539 1584 594 ἐπὶ
1616 542 1682 594 τὰ
1713 545 1788 610 Η,
1815 545 1874 594 Z.

182 629 244 682 τὸ
292 627 344 681 δ’
389 629 525 683 αὐτὸ
574 632 749 698 ἔσται,
802 629 907 683 κᾶν
952 633 1150 700 μείζων
1195 629 1228 698 ἡ
1270 636 1323 683 A
1336 634 1384 683 Θ
1430 632 1557 694 ὄψις
1601 638 1697 700 τῆς
1743 633 1874 684 ΓΚ·

182 720 423 787 μείζονες
469 719 574 790 γὰρ
622 721 840 772 ἔσονται
887 720 950 772 αἰ
989 723 1064 788 Λ,
1097 723 1171 773 Μ
1208 722 1405 788 γωνιάι
1452 728 1565 773 τῶν
1611 723 1694 788 Ν,
1717 719 1787 788 Ξ,
1841 719 1875 788 ἡ

184 803 246 860 δὲ
285 811 349 860 Π
380 815 476 877 τῆς
516 813 564 861 Ο
606 811 804 878 μείζων
842 811 993 862 ἔσται
1040 806 1131 861 καὶ
1170 807 1204 877 ἡ
1244 812 1295 861 Ρ
1332 816 1429 877 τῆς
1468 812 1530 862 Ο.
1607 808 1704 862 ἐὰν
1742 805 1802 862 δὲ
1841 808 1875 877 ἡ

187 900 302 950 ΑΘ
340 897 534 951 εὐθεῖα
580 897 828 951 ἐλάσσων
874 893 909 967 ᾗ
948 906 1044 967 τῆς
1084 900 1214 966 ΓΚ,
1262 899 1357 951 διὰ
1395 898 1462 950 τὰ
1500 898 1639 951 αὐτὰ
1677 901 1875 967 μείζων

102 998 156 1039 10
187 987 338 1039 ἔσται
383 986 417 1055 ἡ
467 991 515 1040 0
567 989 742 1055 γωνία
786 994 883 1056 τῆς
930 991 1000 1040 Π.
1094 989 1207 1040 ἔστι
1256 985 1315 1040 δὲ
1362 986 1453 1041 καὶ
1500 988 1532 1057 ἡ
1581 991 1630 1040 Ρ
1676 996 1771 1057 τῆς
1817 992 1882 1041 Π

184 1078 395 1145 μείζων.
474 1073 642 1129 οὐδὲν
680 1077 787 1147 ἄρα
824 1079 1025 1129 κωλύει
1065 1081 1191 1145 ἴσην
1229 1071 1371 1129 εἶναι
1410 1077 1511 1146 τὴν
1552 1080 1601 1129 Ρ
1639 1086 1704 1148 τῇ
1746 1081 1793 1130 Ο
1840 1075 1904 1145 ἢ

186 1163 458 1218 ἐλάσσονα
496 1173 593 1234 τῆς
633 1169 698 1233 Ο,
736 1163 828 1218 καὶ
866 1166 939 1235 μὴ
979 1168 1309 1234 συμπίπτειν
1348 1165 1450 1234 τὴν
1488 1170 1541 1219 Α
1550 1169 1616 1219 Η
1648 1174 1713 1236 τῇ
1755 1168 1872 1219 ΓΖ.

183 1255 429 1325 φανερὸν
473 1253 558 1322 δέ,
606 1254 715 1323 ὅτι,
761 1255 866 1307 κᾶν
903 1274 960 1307 τε
1006 1257 1205 1324 μείζων
1253 1250 1284 1325 ᾗ
1322 1253 1356 1323 ἡ
1396 1258 1510 1308 ΑΘ
1555 1254 1873 1326 περιφέρεια

182 1350 278 1412 τῆς
327 1345 458 1412 ΓΚ,
505 1343 603 1397 ἐάν
648 1362 706 1396 τε
755 1348 868 1412 ἴση,
915 1343 950 1413 ἡ
998 1344 1316 1413 σύμπτωσις
1360 1352 1472 1397 τῶν
1518 1343 1904 1408 ἄνακλασεων.

95 1443 151 1484 16
183 1432 310 1486 οὔτε
358 1430 447 1486 ἐπὶ
493 1440 590 1502 τῆς
633 1435 987 1503 περιφερείας
1031 1440 1132 1486 τοῦ
1178 1433 1386 1486 κύκλου
1431 1433 1559 1533 οὔτε
1606 1433 1759 1496 ἐκτὸς
1804 1432 1872 1487 οὐ

181 1522 253 1591 μὴ
292 1525 535 1591 γίνηται,
576 1521 697 1576 ἀλλ’
734 1522 890 1586 ἐντὸς
926 1524 1115 1592 μόνον.

997 1639 1057 1705 ζ’.

300 1730 378 1782 Τὰ
416 1729 531 1798 ὕψη
570 1727 662 1782 καὶ
701 1730 768 1782 τὰ
798 1729 950 1799 βαθη
989 1729 1097 1784 ἀπὸ
1128 1738 1240 1783 τῶν
1276 1727 1551 1783 ἐπιπέδων
1583 1729 1894 1800 ἐνόπτρων

184 1817 598 1889 ἀνεστραμμένα
638 1821 909 1889 φαίνεται.

92 1919 149 1960 20
292 1910 429 1961 ἔστω
476 1907 622 1972 ὕψος
665 1905 766 1977 μὲν
812 1909 874 1962 τὸ
915 1912 1050 1977 ΑΕ,
1098 1910 1368 1978 ἔνοπτρον
1412 1906 1472 1962 δὲ
1513 1907 1772 1962 ἐπίπεδον
1809 1909 1904 1987 τὸῆ

180 1999 304 2066 ΑΛ,
343 1999 489 2067 ὄμμα
530 1994 591 2050 δὲ
629 1997 691 2050 τὸ
725 2000 787 2067 Β,
826 1998 982 2061 ὄψεις
1019 1994 1080 2050 δὲ
1111 1998 1174 2051 αἱ
1203 1999 1322 2066 ΒΓ,
1348 2000 1452 2051 ΒΔ
1490 1995 1904 2074 ἀνακλώμεναιζ

181 2084 268 2139 ἐπὶ
299 2087 366 2139 τὰ
396 2090 462 2155 Ε,
488 2089 555 2139 Κ.
618 2086 826 2139 οὐκοῦν
858 2089 1114 2156 φαίνεται
1147 2085 1523 2156 ἐκβληθεισῶν
1553 2096 1665 2140 τῶν
1688 2088 1889 2157 ὄψεωνΰ

180 2174 264 2228 ἐπ’
300 2176 523 2239 εὐθείας
560 2176 622 2229 τὸ
661 2173 763 2245 μὲν
802 2180 854 2229 Ε
893 2177 954 2230 τὸ
994 2177 1110 2229 ανω
1150 2174 1240 2230 ε’πὶ
1278 2183 1378 2229 τοῦ
1421 2179 1470 2229 Θ
1506 2177 1651 2230 κάτω
1692 2175 1904 2246 ὄντοςφῖ

178 2266 240 2319 τὸ
287 2263 347 2319 δὲ
390 2268 449 2319 Κ
495 2263 642 2318 κατω
689 2265 756 2318 ὂν
803 2263 890 2318 ἐπὶ
936 2273 1037 2319 τοῦ
1079 2269 1125 2319 Ζ
1170 2272 1269 2319 τοῦ
1317 2266 1432 2318 ἄνω
1479 2266 1653 2329 ὄντος.
1731 2226 1884 2341 ὥστεὲ

92 2365 148 2406 25
181 2353 594 2426 ἀνεστραμμένα
634 2353 748 2408 ἐστὶ
787 2362 854 2425 τῇ
892 2357 1184 2427 φαντασία.

298 2461 335 2501 1.
372 2454 465 2501 ἐστί
494 2457 612 2501 Mm.
721 2460 761 2501 3
796 2454 920 2500 ἐστίν
950 2456 1043 2501 Vv.
1151 2461 1192 2502 4.
1227 2455 1320 2501 ἐστι’
1351 2458 1468 2513 Mm,
1501 2471 1650 2513 comp.
1684 2471 1726 2501 v
1824 2454 1893 2502 5.'

182 2517 347 2592 ΟΡΖ]
372 2519 505 2562 ΡΟΖ
534 2516 596 2561 Μ.
675 2514 856 2559 Deinde
881 2515 988 2561 add.
1015 2513 1184 2572 ὁμοίως
1206 2520 1268 2576 τῷ
1291 2517 1382 2572 πρὸ
1406 2517 1573 2561 τούτου
1596 2510 1892 2573 θεωρήματιλ

178 2573 517 2621 ἀποδεικνυται
546 2575 655 2620 Vm.
779 2574 849 2634 αἱ]
882 2574 933 2619 αἱ
965 2574 1057 2630 ἄρα
1090 2576 1151 2620 Μ.
1274 2581 1313 2620 6.
1350 2575 1494 2635 ἔσται]
1529 2575 1622 2620 ἐστι
1653 2575 1714 2620 Μ.
1823 2577 1873 2619 8

180 2634 323 2694 ἔσται]
358 2634 451 2679 ἐστι’
481 2635 543 2679 Μ.
650 2639 690 2679 9.
727 2635 842 2693 ΓΚ]
878 2637 959 2679 ΓΔ
990 2635 1051 2680 Μ.
1162 2639 1229 2680 10.
1266 2634 1410 2694 ἔσται]
1441 2633 1564 2680 ἐστίν
1596 2635 1656 2680 Μ.
1732 2602 1875 2708 ἔοίἰὶ1

180 2693 300 2739 ἔστιν
331 2694 425 2739 Vv.
521 2699 589 2739 12.
623 2691 845 2738 ἐλάττονα
877 2693 939 2738 Μ.
1031 2695 1152 2753 AH]
1184 2698 1277 2739 ΑΚ
1304 2695 1366 2740 Μ.
1475 2700 1543 2740 17.
1577 2694 1640 2752 ζ’]
1674 2711 1722 2738 ια
1732 2693 1866 2739 'Vv

237 2759 305 2798 22.
348 2751 588 2812 φαίνεται]
621 2767 710 2798 om.
741 2768 801 2798 m.
924 2757 994 2798 23
1034 2753 1086 2798 τό
1111 2756 1194 2810 (pr.
1198 2754 1234 2813 )]
1274 2751 1495 2811 φαίνεται
1523 2753 1576 2798 τό
1608 2769 1667 2798 m.
1793 2751 1872 2800 24ζ

178 2810 310 2916 ihs}
288 2831 342 2858 ον
373 2820 455 2858 τοῦ
492 2815 534 2858 Ο
563 2828 623 2870 ω,
655 2827 716 2857 m.
740 2826 831 2857 ree.
849 2812 903 2857 V.
1011 2820 1094 2857 τοῦ
1119 2813 1217 2868 (alt.
1220 2814 1258 2872 )]
1291 2812 1381 2858 del
1407 2829 1466 2858 m.
1491 2827 1581 2858 rec.
1599 2813 1655 2870 V,
1689 2828 1777 2858 om.
1802 2827 1865 2859 mc

266 2874 392 2931 ντος]
428 2872 563 2923 ὄντος
591 2879 675 2916 τοῦ
710 2874 751 2917 Θ
781 2887 848 2928 m,
889 2887 948 2917 m.
982 2886 1071 2917 ree.
1105 2872 1160 2918 V.
1291 2877 1361 2918 25.
1396 2870 1518 2918 ἐστίν
1549 2873 1649 2930 VV,
1684 2870 1771 2917 εἰσί
1799 2886 1866 2918 m..
