1904 3184
0 0 62 252 Ρ
689 92 1154 136 PROLEGOMENA.
1623 91 1775 137 XXIX

79 215 160 267 44,
192 215 249 254 47
281 209 587 267 (citationes),
629 213 687 253 74
718 211 792 266 (=
818 209 924 267 Opt.
958 214 1054 256 ant.
1086 227 1132 268 p.
1166 214 1237 268 84,
1271 213 1337 268 5),
1386 224 1507 267 quae
1545 211 1775 268 praebent

81 359 150 388 nr.
183 348 224 399 8,
259 347 329 398 17,
362 347 440 399 22,
474 347 553 399 24,
586 347 644 387 28
676 345 751 400 (-—-
771 342 877 400 Opt.
911 313 1008 389 ant.
1041 315 1147 402 ⁷10),’
1178 315 1257 401 49⁷,
1293 315 1346 388 78
1379 314 1439 387 in,
1461 344 1562 389 cod.
1597 349 1644 401 6,
1694 344 1776 400 qui

83 410 227 456 etiam
258 409 483 467 pleraque
514 408 802 465 reliquorum
830 409 990 467 habet,
1023 411 1224 455 fortasse
1249 410 1394 455 etiam
1415 426 1484 456 nr.
1509 416 1580 467 31,
1607 416 1678 467 32,
1704 416 1774 467 51,

84 482 163 533 59,
206 482 282 532 70,
324 480 400 532 77,
445 481 500 520 78
531 476 642 533 (V1).
721 476 905 533 reliqua
943 477 1266 522 recentissima
1306 479 1416 521 sunt
1458 478 1527 534 (vl
1550 477 1616 522 V²
1655 490 1775 521 saec.

80 544 364 600 xv-xw).

888 671 965 716 In.

629 778 709 818 De
739 777 871 819 fatis
904 777 1231 828 Opticorum.

201 878 391 936 Optica,
433 878 595 935 qualia
634 879 712 923 hic
744 893 770 924 e
801 879 962 924 codice
994 880 1351 925 Uindobonensi
1389 881 1592 926 maxime
1622 880 1774 938 primo

80 945 185 991 loco
216 945 544 1003 repetiuimus,
586 946 796 991 Euclidis
837 960 962 1003 esse,
1002 961 1098 991 non
1130 950 1223 1004 est,
1264 961 1346 991 cur
1377 947 1644 992 dubitemus
1676 947 1775 1006 (cfr.

35 1006 39 1042 <⁶
82 1012 419 1057 Weissenborn
456 1013 689 1071 Philolog.
727 1014 852 1059 XLV
889 1029 934 1071 p.
968 1019 1025 1058 54
1050 1016 1149 1071 sq.).
1229 1014 1311 1058 sed
1351 1029 1457 1058 cum
1494 1014 1775 1060 recentiores

83 1081 271 1124 tantum
305 1082 491 1124 exstent
522 1080 728 1137 codices,
769 1081 938 1124 mirum
977 1095 1072 1125 non
1104 1083 1196 1138 est,
1236 1080 1363 1126 locos
1395 1081 1646 1126 nonnullos
1677 1084 1779 1126 tam

43 1184 47 1185 ⁷
86 1149 326 1203 corruptos
367 1161 489 1204 esse,
539 1150 594 1192 ut
631 1148 778 1192 uerba
809 1147 1020 1192 Euclidis
1055 1147 1244 1192 restitui
1273 1151 1530 1205 nequeant;
1578 1163 1622 1194 u,
1655 1165 1699 1206 p.
1734 1154 1775 1205 2,

45 1257 51 1263 ,
86 1217 222 1268 1—23
263 1217 558 1270 18,14-15;
598 1219 772 1271 34,17;
814 1219 1108 1272 58,10—12;
1149 1219 1444 1272 84,18—203
1487 1221 1776 1273 116,178q.;

36 1279 39 1283 ’
84 1278 230 1324 etiam
251 1295 295 1337 p.
315 1285 386 1338 88,
404 1286 431 1324 5
462 1284 572 1338 post
594 1290 756 1326 πασῶν
789 1282 942 1328 deest:
974 1290 1067 1327 τῶν
1099 1291 1281 1339 γωνιῶν
1311 1291 1405 1328 τῶν
1437 1281 1778 1342 περιεχομένων

35 1325 47 1355 ⁸
83 1346 197 1403 ὑπό,
237 1350 291 1390 ut
322 1346 498 1405 legitur
526 1364 571 1405 p.
600 1354 670 1406 66,
705 1354 782 1403 23;
824 1354 894 1405 68,
929 1352 1005 1405 18;
1047 1349 1130 1393 sed
1167 1348 1244 1392 hic
1277 1363 1403 1394 error
1432 1350 1622 1395 Theone
1654 1349 1780 1394 anti-

36 1422 50 1475 ⁴.
84 1412 220 1469 quior
250 1417 343 1471 est,
391 1415 616 1471 quoniam
646 1415 686 1459 is
718 1430 813 1460 non
844 1415 982 1459 modo
1013 1431 1058 1472 p.
1092 1421 1193 1472 220,
1229 1421 1283 1460 15
1323 1415 1451 1460 idem
1479 1416 1647 1473 habet,
1695 1417 1779 1461 sed

39 1496 48 1526 ι
85 1478 229 1524 etiam
261 1494 462 1526 errorem
492 1482 779 1540 propagauit
807 1498 852 1540 p.
879 1487 980 1539 204,
1015 1489 1091 1538 15;
1133 1488 1232 1540 206,
1266 1489 1306 1528 2.
1370 1482 1516 1527 etiam
1545 1499 1590 1540 p.
1618 1488 1717 1540 120,
1751 1489 1778 1528 6

84 1544 267 1602 aliquid
305 1547 550 1592 turbatum
589 1551 662 1593 est
701 1552 749 1593 et
786 1548 989 1594 fortasse
1026 1549 1167 1594 nimis
1207 1550 1433 1595 audacter
1470 1557 1551 1608 τῆς
1590 1548 1642 1595 δὲ
1682 1550 1777 1595 ἀπὸ

40 1631 42 1633 ·
84 1620 176 1658 τῶν
201 1613 420 1670 ὀμμάτων
451 1629 477 1660 8
508 1615 774 1673 Theone'p.
799 1620 899 1672 246,
927 1620 950 1659 1
984 1616 1151 1674 recepi.
1201 1617 1280 1663 cfr.
1305 1620 1550 1675 praeterea
1581 1617 1632 1661 in
1662 1617 1778 1661 locis

46 1739 51 1742 Ι
86 1679 339 1725 subditiuis
369 1697 414 1738 p.
438 1687 509 1739 98,
536 1687 613 1738 23;
649 1688 747 1739 114,
774 1688 813 1728 6.
862 1697 950 1727 nec
982 1683 1152 1728 desunt
1182 1683 1595 1742 interpolationes;
1627 1698 1779 1741 neque

43 1797 50 1811 ,
88 1745 213 1790 enim
243 1747 454 1792 dubitari
483 1751 655 1806 potest,
689 1749 804 1806 quin
837 1750 1262 1796 demonstrationes
1288 1751 1467 1796 alterae
1496 1751 1557 1796 ab
1581 1750 1777 1795 Euclide

86 1813 324 1870 profectae
354 1828 450 1859 non
481 1814 577 1860 sint
608 1818 669 1874 (u.
694 1816 738 1862 V
759 1832 804 1874 p.
830 1816 1054 1876 LXXIX);
1087 1817 1340 1875 pleraeque
1372 1832 1397 1863 e
1421 1818 1611 1863 Theone
1634 1818 1775 1863 inter-

48 1936 51 1939 .
86 1878 277 1936 polatae
302 1894 403 1925 esse
427 1884 624 1939 possunt
640 1885 701 1940 (p.
717 1887 787 1940 36,
802 1888 830 1927 4
849 1907 902 1920 =
921 1884 1084 1929 Theon
1107 1900 1237 1943 prop.
1257 1890 1327 1943 22,
1352 1901 1396 1942 p.
1412 1890 1483 1943 48,
1499 1891 1524 1930 9
1543 1909 1599 1924 --
1617 1886 1780 1930 Theon

43 1946 54 1984 ·'
86 1959 216 2003 prop.
235 1952 307 2004 28,
339 1963 383 2005 p.
404 1953 474 2006 92,
493 1953 550 1993 20
569 1972 624 1987 =
642 1949 805 1995 Theon
827 1965 958 2008 prop.
980 1956 1051 2008 43,
1083 1967 1127 2009 p.
1148 1957 1218 2009 98,
1238 1957 1263 1996 6
1282 1975 1338 1990 --
1355 1952 1518 1997 Theon
1542 1967 1671 2010 prop.
1690 1955 1778 2011 45),

87 2025 373 2070 quamquam
410 2015 500 2060 hoc
532 2030 718 2073 quoque
757 2017 858 2061 fieri
895 2020 1077 2075 potest,
1118 2020 1173 2062 ut
1203 2018 1366 2063 Theon
1404 2018 1501 2063 iam
1531 2021 1778 2076 utramque

48 2087 59 2117 ἑ·
87 2078 537 2128 demonstrationem
552 2083 774 2129 habuerit
796 2085 1089 2142 alteramque
1106 2085 1323 2144 elegerit3
1347 2100 1443 2130 non
1465 2086 1612 2131 habet
1636 2086 1781 2138 ἄλλως

47 2172 56 2184 .
86 2160 132 2204 p.
163 2153 234 2206 34,
268 2154 345 2205 203
396 2155 494 2207 112,
529 2156 607 2208 233
658 2157 758 2208 114,
794 2156 862 2197 10.
934 2151 1228 2196 subditiuum
1266 2155 1511 2210 praeterea
1551 2153 1781 2198 scholium

48 2214 53 2229 ⁸
87 2226 133 2271 p.
166 2219 236 2271 50,
271 2221 341 2259 1—
360 2220 399 2261 8.
464 2219 513 2261 et
543 2218 643 2262 ueri
674 2218 827 2263 simile
860 2221 953 2276 est,
990 2219 1135 2263 etiam
1165 2235 1210 2277 p.
1245 2224 1315 2277 64,
1347 2225 1492 2264 4-21
1534 2234 1558 2264 8
1590 2220 1779 2266 Theone

0 2278 62 2331 Γ
89 2294 135 2339 p.
159 2287 259 2339 202,
286 2288 431 2327 1—16
461 2283 750 2341 interpolata
782 2298 903 2342 esse3
944 2300 1056 2330 nam
1087 2285 1214 2331 idem
1253 2286 1393 2335 aliter
1433 2287 1782 2333 demonstratur

0 255 6 421 ῑ

0 1859 8 2163 i

2 422 6 477 3

2 559 6 640 Ῑ

2 658 6 707 ι

3 1421 6 1464 !

2 1591 7 1799 {

2 1802 6 1848 ε

3 2170 7 2191 .

29 2361 133 2410 1).
159 2352 229 2407 76,
257 2355 309 2394 12
329 2365 396 2406 sq.
430 2350 608 2408 (omisit
638 2351 839 2409 Theon),
871 2366 958 2397 nec
988 2352 1039 2396 in
1069 2368 1199 2411 prop.
1227 2359 1284 2398 34
1314 2354 1469 2398 locum
1499 2354 1665 2411 habet,
1697 2353 1781 2398 ubi

5 2413 149 2470 ,sfde
179 2417 443 2462 omnibus
476 2416 720 2462 diametris
752 2419 1031 2475 aequalibus
1064 2420 1224 2478 agitur
1255 2423 1315 2478 (p.
1343 2426 1414 2478 60,
1441 2423 1535 2480 15),
1577 2420 1779 2478 adcedit,

0 2477 1 2495 ³
32 2475 67 2505 *.·,
90 2482 215 2538 quod
238 2483 385 2529 uerba
415 2484 527 2541 μήτε
554 2483 656 2536 ἴσας
679 2483 853 2542 γωνίας
875 2484 1154 2545 περιέχουσα
1177 2503 1221 2545 p.
1242 2492 1312 2545 64,
1331 2492 1506 2532 25-26
1531 2490 1604 2545 (==
1618 2488 1782 2533 Theon

5 2577 7 2586 ι
65 2562 134 2606 .p.
165 2554 272 2607 202,
306 2555 499 2610 20—21)
546 2555 738 2610 propter
774 2568 819 2610 p.
854 2558 931 2610 64,
964 2559 1109 2598 4—21
1157 2554 1423 2599 necessaria
1451 2554 1614 2599 ‘minus
1654 2557 1780 2600 recte

29 2613 73 2683 '2‘3
90 2614 347 2674 adduntur,
394 2617 508 2674 quia
547 2633 729 2676 semper
767 2634 872 2663 cum
910 2619 1035 2664 binis
1076 2620 1318 2666 diametris
1360 2620 1581 2678 aequales
1618 2621 1782 2680 anguli

6 2712 7 2717 ,
39 2719 45 2731 ,,
93 2679 379 2742 efficiuntur,
426 2698 512 2729 nec
544 2685 672 2743 apud
702 2686 916 2743 Pappum
946 2687 1023 2743 VI,
1057 2691 1114 2732 80
1155 2687 1388 2745 leguntur.
1458 2687 1620 2744 itaque
1652 2691 1780 2746 puto,

0 2710 4 2781 ί
28 2743 53 2802 ζ
83 2769 89 2782 ³
125 2761 185 2794 on
206 2751 347 2796 modo
377 2766 422 2809 p.
446 2756 516 2809 64,
541 2757 703 2809 4-21,
737 2753 818 2797 sed
845 2753 989 2798 etiam
1021 2754 1131 2810 μήτε
1167 2753 1269 2806 ἴσας
1301 2752 1474 2812 γωνίας
1504 2753 1782 2813 περιέχουσα

84 2876 88 2881 ,
126 2850 138 2860 .
161 2820 231 2873 64,
258 2822 433 2863 25—26
465 2832 491 2863 8
522 2818 713 2864 Theone
744 2819 1031 2878 interpolata
1064 2834 1185 2878 esse,
1220 2823 1267 2866 et
1299 2821 1468 2866 deinde
1501 2821 1781 2866 difficultate

94 2876 109 2890 ⁶
141 2881 333 2929 tellecta
371 2886 489 2942 πρὸς
520 2884 577 2938 ἃς
607 2895 736 2932 ποιεῖ
764 2885 956 2939 ἀνίσους
986 2885 1159 2946 γωνίας
1190 2903 1233 2945 p.
1261 2892 1338 2945 64,
1365 2893 1420 2933 27
1461 2891 1573 2946 (non
1604 2888 1783 2934 habent
