1904 3184
130 1197 194 1245 10ι

130 1651 186 1691 15

218 125 290 178 48
790 128 1074 170 EUCLIDIS
1107 127 1338 171 OPTICA.

219 246 481 300 ἐπίπεδον
533 245 626 300 καὶ
671 247 732 300 τὸ
781 247 875 299 διὰ
920 255 1033 300 τῶν
1078 250 1204 317 ΔΓ,
1246 250 1364 300 ΓΖ.
1464 246 1759 319 οὐδέτερον
1806 250 1904 320 ἄρα

220 335 406 389 αὐτῶν
447 334 630 406 τέμνει
675 337 775 389 τὸν
821 336 1147 406 κύλινδρον·
1203 335 1541 406 ἐφάπτονται
1581 338 1686 406 γὰρ
1725 335 1817 390 καὶ
1857 346 1904 391 αι’

218 428 355 493 ΔΒ,
395 427 515 478 ΛΓ
565 423 659 477 καὶ
713 425 775 477 αἱ
817 428 948 493 ΒΕ,
988 427 1105 478 ΓΖ.
1197 424 1451 493 βλέπεται
1497 422 1602 479 οὗν
1645 425 1754 479 ὑπὸ
1801 435 1904 479 τῶν

218 517 346 583 ΒΔ,
386 516 506 567 ΔΓ
551 513 791 566 ἀκτίνων
843 514 906 566 τὸ
954 516 1081 582 ΒΓ,
1136 514 1267 584 ὅπερ
1324 512 1474 567 ἐστὶν
1520 517 1745 568 ἔλαττον
1791 515 1904 584 ἡμι-

219 605 466 655 κυκλίου.
528 603 626 655 τὸν
665 602 837 656 αὐτὸν
876 603 945 671 δὴ
984 605 1193 674 τρόπον
1230 601 1322 656 καὶ
1362 606 1590 656 ἔλαττον
1627 603 1904 674 ἡμικυλιν-

221 692 382 762 δρίου
423 691 776 762 ὁραθήσεται.

331 782 383 834 εἰ
426 778 487 834 δὲ
525 780 633 834 ὑπὸ
675 781 778 834 δύο
818 780 1079 851 ὀμμάτων
1118 781 1320 854 ὁρῷτο,
1369 784 1640 853 φανερόν,
1689 783 1772 836 ὅτι
1819 781 1904 836 καὶ

221 867 304 923 ἐπ’
341 869 515 923 αὐτοῦ
555 871 892 939 συμβήσεται
930 871 998 923 τὰ
1038 869 1126 924 ἐπὶ
1164 878 1261 940 τῆς
1300 874 1540 942 σφαίρας
1578 870 1853 942 εἰρημένα.

930 1076 1187 1141 ’Ἄλλως

314 1195 493 1250 ’Έστω
533 1197 757 1266 κύκλος,
805 1193 873 1250 οὗ
912 1199 1050 1250 ἔστω
1090 1195 1322 1267 κέντρον
1361 1198 1422 1250 τὸ
1462 1203 1539 1267 A,
1586 1208 1812 1267 σημεῖον
1852 1195 1904 1252 62

219 1284 372 1348 ἐκτὸς
411 1287 548 1339 ἔστω
587 1287 649 1340 τὸ
692 1290 754 1355 Ζ,
792 1284 884 1338 καὶ
925 1284 1231 1355 ἐπεζεύχθω
1273 1285 1379 1339 ἀπὸ
1419 1293 1518 1339 τοῦ
1558 1291 1611 1339 A
1651 1285 1739 1340 ἐπὶ
1770 1288 1831 1341 τὸ
1866 1291 1904 1341 Z

217 1373 250 1442 ἡ
291 1379 344 1427 A
357 1378 426 1444 Z,
473 1373 565 1428 καὶ
605 1374 833 1444 ἀνήχθω
874 1374 980 1428 ἀπὸ
1019 1382 1119 1427 τοῦ
1159 1378 1213 1427 Α
1252 1377 1481 1444 σημείου
1520 1383 1585 1446 τῇ
1624 1381 1679 1429 A
1690 1380 1735 1429 Z
1773 1378 1904 1447 πρὸς

217 1462 396 1534 ὀρθὰς
442 1462 531 1533 ἐφ’
574 1461 800 1535 ἑκάτερα
846 1464 914 1516 τὰ
960 1462 1096 1534 μέρη
1143 1462 1176 1531 ἡ
1226 1465 1348 1516 ΓΛ·
1403 1462 1436 1532 ἡ
1487 1466 1588 1517 ΓΔ
1638 1466 1744 1535 ἄρα
1792 1466 1904 1518 διά-

217 1555 413 1624 μετρός
453 1553 567 1606 ἐστι
606 1560 707 1606 τοῦ
745 1554 970 1606 κύκλου.
1044 1551 1138 1605 καὶ
1175 1552 1607 1623 περιγεγράφθω
1646 1552 1772 1623 περὶ
1810 1556 1904 1624 τὴν

220 1647 273 1695 Λ
285 1646 329 1694 Ζ
367 1642 569 1706 κύκλος
607 1642 636 1696 ὁ
669 1645 780 1695 ΑΒ
793 1645 920 1711 ΖΕ,
958 1640 1050 1694 καὶ
1090 1641 1507 1711 ἐπεζεύχθωσαν
1545 1643 1607 1695 αἰ
1634 1648 1688 1695 Λ
1698 1647 1762 1712 Β,
1786 1647 1904 1715 ΒΖ,

221 1734 348 1799 ΖΕ,
380 1734 506 1784 ΕΛ.
584 1732 646 1784 αἶ
684 1734 804 1800 ΖΒ,
839 1734 947 1784 ΖΕ
982 1731 1089 1802 ἄρα
1129 1730 1484 1801 ἐφάπτονται,
1524 1731 1813 1804 ἐπειδήπερ
1854 1734 1904 1788 αἱ

215 1821 355 1891 πρὸς
399 1829 517 1883 τοῖς
558 1823 631 1889 Β,
671 1824 723 1872 Ε
765 1822 1010 1890 σημείοις
1055 1817 1198 1873 εἰσὶν
1244 1819 1429 1891 ὀρθαί.
1507 1819 1622 1874 ἐπεὶ
1661 1817 1764 1875 οὗν
1803 1821 1904 1876 ἀπό

216 1928 368 1972 τινος
406 1911 635 1978 σημείου
666 1916 766 1961 τοῦ
802 1912 847 1961 Ζ
884 1910 1023 1979 πρὸς
1053 1909 1154 1977 τὴν
1185 1915 1284 1961 τοῦ
1315 1909 1523 1962 κύκλου
1553 1908 1904 1980 περιφέρειαν

143 1992 148 1998 ’
217 1999 710 2069 προσπεπτώκασιν
740 1997 957 2060 ἀκτῖνες
987 1999 1049 2050 αἱ
1075 2001 1199 2066 ΒΖ,
1226 2001 1345 2066 ΖΕ,
1377 1998 1438 2050 τὸ
1471 2000 1581 2050 ΒΕ
1609 1999 1716 2069 ἄρα
1747 1997 1904 2069 μέρος

128 2097 185 2137 20

217 2087 554 2158 ὁραθήσεται
585 2093 684 2139 τοῦ
715 2087 940 2139 κύκλου.
995 2088 1108 2139 ἔστι
1141 2083 1203 2139 δὲ
1225 2086 1287 2139 τὸ
1315 2089 1415 2139 ΓΒ
1426 2089 1538 2139 ΕΔ
1568 2085 1904 2156 ἡμικύκλιον.

216 2177 278 2229 τὸ
317 2179 429 2229 ΒΕ
463 2177 571 2247 ἄρα
609 2178 835 2229 ἔλαττόν
875 2175 1025 2229 ἐστιν
1063 2174 1408 2245 ἡμικυκλίου.

337 2430 376 2470 1.
408 2425 480 2484 τό]
504 2432 596 2470 τῶν
618 2439 679 2469 m.
771 2429 811 2469 3.
846 2426 967 2484 ΔΓ]
993 2428 1158 2471 ANV.
1252 2430 1293 2471 4.
1327 2427 1444 2485 ΒΓ]
1480 2427 1643 2470 BNv.
1737 2429 1776 2470 5.
1801 2424 1904 2483 ἡμι-

159 2512 162 2515 ’
215 2498 467 2556 κυλίνδρου
499 2499 610 2544 Vm.
720 2503 760 2544 8.
796 2498 1037 2558 εἰρημένα]
1070 2514 1159 2544 om.
1185 2515 1228 2557 V,
1253 2515 1313 2545 m.
1333 2504 1359 2544 2
1384 2500 1509 2557 Vat„
1544 2496 1689 2546 :eve-2³
1719 2499 1771 2543 Β.
1865 2503 1891 2544 9

215 2573 382 2632 ἄλλως]
414 2573 684 2631 BVat.mv‚
721 2589 812 2630 mg.
845 2574 901 2631 V,
942 2573 1087 2625 ἄλλως
1116 2575 1168 2619 τὸ
1200 2573 1315 2618 αὐτό
1346 2574 1492 2618 Vat.1.
1615 2573 1708 2631 Mg.
1742 2573 1816 2632 λβ’
1849 2571 1904 2618 Ὺ.

277 2638 345 2678 10.
378 2634 552 2678 κύκλου
582 2648 626 2690 v,
668 2636 736 2687 (9⁹
764 2634 816 2679 B.
917 2631 969 2678 δὲ
1002 2633 1151 2692 ἐκτός]
1184 2633 1315 2684 ἐκτὸς
1345 2631 1398 2677 δέ
1428 2633 1599 2690 BVat.‚
1635 2632 1745 2677 ἔστω
1776 2630 1830 2676 δέ
1861 2645 1903 2678 v.

277 2698 345 2738 11.
378 2693 473 2737 ἀπὸ
504 2700 587 2737 τοῦ
618 2693 674 2751 Α]
708 2707 795 2738 om.
821 2692 911 2749 Bv,
942 2708 1002 2736 m.
1037 2698 1062 2737 2
1095 2693 1203 2737 Vat.
1296 2692 1372 2737 ἐπὶ
1402 2693 1454 2738 τὸ
1491 2693 1544 2751 Ζ]
1578 2706 1666 2736 om.
1691 2692 1900 2736 Bvats.

277 2757 346 2795 12.
380 2752 515 2810 ἤχθω
547 2752 755 2797 BVat.v.
878 2750 1088 2811 σημείου]
1122 2766 1210 2797 om.
1244 2752 1451 2797 BVat.v.
1575 2756 1644 2795 13.
1677 2750 1736 2795 τὰ
1767 2749 1902 2811 μέρη]

217 2825 305 2855 om.
338 2811 546 2856 BVat.v.
648 2816 715 2856 15.
750 2811 922 2856 κύκλου
954 2826 996 2867 v,
1031 2815 1101 2865 (3⁰
1127 2811 1281 2856 BVat.
1383 2811 1647 2869 ἐπεζεύχθω
1679 2826 1722 2867 v,
1755 2822 1901 2867 comp.

215 2870 368 2972 &Van
524 2875 593 2915 16.
631 2872 730 2930 ZB]
764 2873 851 2920 ΞΒ
882 2886 924 2927 v,
967 2875 1051 2915 BZ
1082 2886 1142 2915 m.
1288 2875 1357 2915 19.
1392 2871 1506 2929 ΒΕ]
1543 2873 1631 2914 ΖΕ
1661 2885 1703 2914 v.
1832 2873 1901 2914 20.

241 2943 338 2974 στιν
370 2945 412 2974 V.
