1904 3184
102 1063 157 1102 10

99 1506 155 1546 15

96 2025 154 2066 20

93 2484 151 2524 25

1888 0 1904 62 ἶ

190 125 263 177 42
763 128 1047 170 EUOLIDIS
1079 128 1308 170 OPTICA.
1900 93 1904 134 3

301 249 437 300 ἔστω
479 256 713 317 σφαῖρα,
753 242 818 314 ἧς
855 245 1089 318 κέντρον
1126 248 1188 300 τὸ
1230 252 1306 315 Α,
1345 245 1437 300 καὶ
1477 248 1782 318 γεγράφθω
1824 249 1886 302 ἐν

187 345 254 407 τῇ
294 340 506 408 σφαίρᾳ
542 333 669 406 περὶ
700 334 932 406 κέντρον
962 337 1024 389 τὸ
1057 342 1111 389 Α
1148 337 1349 398 κύκλος
1379 336 1408 390 ὁ
1442 339 1563 406 ΒΓ,
1601 336 1693 390 καὶ
1725 339 1883 407 ἤχθω

189 426 481 496 διάμετρος
519 425 692 478 αὐτοῦ
731 425 765 493 ἡ
805 427 934 493 ΒΓ,
982 423 1074 478 καὶ
1112 426 1381 494 ἤχθωσαν
1428 424 1534 478 ἀπὸ
1580 435 1693 479 τῶν
1731 430 1796 496 Β,
1839 429 1893 480 Γ

187 516 327 587 πρὸς
365 514 544 586 ὀρθὰς
587 515 649 566 αἱ

189 607 312 672 BA,
339 606 459 672 ΓΕ,
491 612 556 673 τῇ
583 600 643 655 δὲ
867 586 929 635 l'
1803 609 1868 658 E

187 695 235 745 Β
256 695 310 745 Γ
362 692 640 763 παράλλη-

188 786 285 844 λος
309 783 445 834 ἔστω
470 779 643 849 ἡΔΕ,
1815 799 1864 847 2

188 960 255 1012 τὰ
309 961 524 1028 ὄμματα
576 959 644 1011 τὰ
833 1005 896 1054 B
1801 977 1857 1025 Δ

187 1054 265 1118 Δ,
314 1053 377 1102 Ε.
484 1047 644 1118 λέγω,

189 1139 273 1191 ὅτι
304 1139 365 1191 τὸ
405 1137 771 1209 ἡμισφαίριον
810 1139 942 1192 ὅλον
981 1138 1304 1207 ὀφθήσεται.
1366 1139 1523 1207 ἤχθω
1565 1139 1659 1190 διὰ
1697 1145 1797 1191 τοῦ
1830 1144 1884 1191 Α

189 1226 417 1299 ἑκατέρα
455 1236 568 1280 τῶν
606 1230 727 1295 ΒΔ,
762 1229 867 1279 ΓΕ
909 1226 1259 1297 παράλληλος
1296 1225 1329 1293 ἡ
1370 1231 1424 1279 Λ
1436 1229 1503 1278 Ζ·
1557 1226 1619 1278 τὸ
1659 1229 1827 1279 ΑΒΔ
1838 1230 1881 1279 Ζ

188 1318 296 1386 ἄρα
341 1318 917 1387 παραλληλόγραμμόν
965 1315 1129 1369 ἐστιν.
1208 1315 1305 1369 ἐὰν
1352 1316 1420 1384 δὴ
1469 1316 1741 1384 μενούσης
1786 1323 1883 1384 τῆς

188 1409 298 1459 ΑΖ
329 1402 686 1477 περιενεχθὲν
718 1407 797 1468 εἰς
826 1406 888 1458 τὸ
921 1405 1056 1458 αὐτὸ
1079 1405 1248 1458 πάλιν
1272 1404 1717 1474 ἀποκατασταθῇ,
1745 1405 1881 1458 ὅθεν

187 1494 388 1565 ἤρξατο
435 1494 708 1566 φέρεσθαι
755 1495 816 1547 τὸ
863 1491 1219 1565 περιενεχθὲν
1266 1502 1467 1563 σχῆμα,
1522 1493 1741 1564 ἄρξεται
1780 1491 1881 1563 μὲν

187 1583 294 1637 ἀπὸ
335 1592 435 1637 τοῦ
475 1587 540 1653 Β,
581 1583 859 1637 ἐλεύσεται
899 1580 961 1636 δὲ
998 1581 1090 1636 καὶ
1130 1581 1218 1636 ἐπὶ
1256 1584 1318 1635 τὸ
1361 1585 1414 1635 Γ
1444 1581 1534 1635 καὶ
1574 1583 1636 1636 τὸ
1677 1586 1749 1651 Β,
1788 1581 1880 1636 καὶ

186 1674 248 1726 τὸ
287 1671 630 1743 περιγραφὲν
659 1673 768 1726 ὑπὸ
800 1681 898 1742 τῆς
928 1678 981 1725 Α
990 1676 1037 1725 Β
1077 1680 1257 1742 σχῆμα
1288 1673 1488 1734 κύκλος
1520 1674 1688 1741 ἔσται,
1727 1673 1788 1735 ὅς
1819 1692 1880 1740 γε

186 1763 280 1814 διὰ
318 1770 418 1815 τοῦ
457 1761 690 1832 κέντρου
730 1770 826 1830 τῆς
864 1764 1106 1833 σφαίρας
1146 1761 1309 1814 ἐστίν.
1372 1760 1737 1832 ἡμισφαίριον
1773 1763 1880 1833 ἄρα

186 1850 495 1921 ὀφθήσεται
533 1851 642 1904 ὑπὸ
682 1861 793 1904 τῶν
831 1855 903 1919 Δ,
934 1854 987 1903 Ε
1022 1850 1297 1920 ὀμμάτων.

978 2012 1083 2070 κς’.

293 2118 420 2172 Ἐὰν
459 2120 520 2172 τὸ
559 2129 672 2172 τῶν
710 2118 970 2188 ὀμμάτων
1010 2119 1282 2188 διάστημα
1314 2121 1497 2188 μεῖζον
1528 2114 1562 2190 ᾗ
1594 2127 1690 2188 τῆς
1721 2118 1781 2172 ε’ν
1812 2127 1904 2189 τῇν

185 2211 397 2280 σφαίρᾳ
437 2207 757 2278 διαμέτρου,
800 2210 984 2276 μεῖζον
1022 2215 1121 2260 τοῦ
1160 2207 1527 2277 ἡμισφαιρίου
1567 2207 1877 2276 ὀφθήσεται

182 2305 279 2366 τῆς
318 2300 574 2367 σφαίρας.
1900 2284 1904 2305 ³

296 2389 432 2440 ε”στω
473 2395 701 2456 σφαῖρα,
739 2380 806 2453 ἧς
843 2383 1074 2455 κέντρον
1111 2386 1173 2438 τὸ
1206 2390 1276 2454 Α,
1313 2383 1406 2438 καὶ
1444 2384 1875 2455 περιγεγράφθω

183 2474 308 2547 περὶ
355 2475 587 2546 κέντρον
633 2475 695 2527 τὸ
735 2479 789 2526 Α
835 2475 1037 2536 κύκλος
1084 2474 1112 2528 ὁ
1153 2477 1407 2542 ΕΘΔΗ,
1455 2475 1670 2543 ὄμματα
1709 2470 1769 2526 δὲ
1809 2474 1876 2526 τὰ

182 2568 255 2633 Β,
296 2567 366 2633 Γ,
418 2562 510 2616 καὶ
566 2565 702 2616 ἔστω
758 2564 819 2615 τὸ
876 2562 1148 2631 διάστημα
1201 2563 1263 2615 τὸ
1309 2560 1509 2631 μεταξὺ
1557 2571 1670 2615 τῶν
1715 2565 1788 2630 Β,
1830 2563 1885 2614 Γ

184 2656 367 2717 ὄψεων
412 2656 595 2723 μεῖζον
640 2660 737 2721 τῆς
784 2651 844 2704 ἐν
889 2659 953 2721 τῇ
994 2655 1206 2724 σφαίρᾳ
1228 2650 1565 2720 διαμέτρου,
1618 2649 1710 2704 καὶ
1758 2650 1877 2703 ε’πε-

303 2878 342 2915 1.
400 2873 596 2930 σφαῖρα]
647 2869 708 2917 C‘¹
746 2886 813 2927 m,
861 2873 914 2914 uss
953 2870 1082 2916 alibi.
1237 2875 1277 2914 3.
1320 2872 1434 2929 ΒΓ]
1477 2872 1577 2914 ΒΝ
1610 2871 1652 2914 v'.
1808 2869 1870 2927 Γ]

185 2934 238 2975 Ν
263 2947 305 2975 v.
430 2936 468 2975 5.
504 2933 603 2990 BA]
636 2937 678 2975 Δ
709 2930 759 2974 in
789 2945 878 2974 ras.
902 2931 957 2975 V.
1078 2935 1117 2975 9.
1154 2930 1303 2987 ὄματα
1334 2945 1376 2974 v,
1486 2935 1553 2974 13.
1587 2926 1874 2986 παραλληλό-
