1904 3184
166 73 248 117 LII
779 75 1246 121 PROLEGOMENA.

166 190 206 234 si
236 190 384 248 igitur
414 189 735 248 intelligamus
769 192 1011 249 speculum
1036 193 1232 250 planum
1257 195 1607 253 contingentem
1632 195 1859 239 circulum
1895 216 1904 231 ι

166 256 216 300 in
246 260 422 314 puncto
454 259 495 314 k,
528 257 706 302 facient
736 258 862 302 idem
892 260 1015 304 radii
1040 261 1221 306 scilicet
1252 263 1314 307 bk
1344 264 1411 306 dk
1443 263 1640 320 angulos
1666 262 1858 318 equales
1891 275 1904 332 ἲ

167 338 274 367 cum
305 323 494 381 speculo
525 324 682 382 plano.
745 325 872 369 idem
902 326 1028 371 enim
1057 331 1258 384 punctus
1292 329 1446 372 adhuc
1478 332 1550 373 est
1579 329 1857 386 reflexionis‚
1895 337 1904 394 1

167 390 249 447 qui
278 391 432 448 prius,
470 391 552 435 sed
585 391 747 449 anguli
779 392 1101 451 contingentie
1133 397 1243 440 sunt
1273 395 1464 451 equales
1495 395 1546 439 in
1577 396 1741 440 eodem
1773 396 1861 440 cir-
1895 403 1904 442 ⁴.

168 457 286 502 culo.
351 472 494 514 quare
533 460 661 502 totus
703 459 904 517 angulus
942 459 1035 504 toti
1069 460 1256 519 angulo.
1319 461 1447 506 idem
1478 464 1551 506 est
1588 461 1638 506 in
1670 462 1858 519 speculo
1901 459 1904 469 ⁴

167 538 388 569 concauo.
434 524 676 582 supposito
701 524 827 569 enim
851 527 1038 583 speculo
1053 527 1212 586 plano,
1237 543 1343 572 cum
1360 529 1523 587 anguli
1539 529 1859 587 contingentie

169 591 264 636 sint
295 591 499 649 equales,
532 594 668 636 erunt
700 595 748 636 et
780 593 943 651 anguli
973 594 1303 653 portionum*).
1367 596 1531 640 totalis
1564 596 1689 640 enim
1720 595 1859 640 totali

167 658 348 714 equalis
384 660 468 703 est.
516 661 564 703 et
596 673 652 703 ex
683 660 772 704 hoc
803 659 1106 706 manifestum
1137 664 1222 718 est,
1255 663 1382 719 quod
1411 677 1507 707 non
1530 663 1625 707 nisi
1648 663 1698 707 in
1721 662 1859 707 unico

166 727 355 782 puncto.
380 724 610 782 possibile
648 729 720 770 est
758 726 859 771 fieri
896 727 1195 772 reflexionem
1235 731 1283 773 et
1320 728 1371 772 in
1402 729 1617 785 quolibet
1656 729 1858 786 speculo,

167 794 221 835 ut
253 791 433 836 scilicet
463 791 682 837 uideatur
714 794 879 838 eadem
909 807 982 838 res
1018 794 1078 838 ab
1112 795 1246 840 oculo
1285 795 1335 839 in
1367 796 1532 841 eodem
1563 796 1730 854 situ**)
1762 811 1860 841 ma-

167 861 323 903 nente.
392 859 481 903 hoc
512 861 674 904 tamen
705 859 821 904 satis
853 863 1042 905 constat
1071 875 1154 918 per
1186 862 1429 908 decimam.
1897 914 1902 919 ⁴

288 925 675 982 qualitercunque
701 927 889 984 speculo
913 927 1134 973 inciderit
1157 928 1287 973 uisus
1312 929 1503 985 equales
1519 929 1697 974 faciens
1716 943 1862 987 angu-

168 992 254 1049 los,
286 991 326 1035 is
358 1005 442 1049 per
472 1006 521 1037 se
552 992 708 1050 ipsum
738 994 1002 1040 reuertitur.
1064 995 1154 1039 hoc
1185 995 1488 1041 manifestum
1519 999 1604 1043 est.
1669 996 1709 1040 si
1737 995 1861 1040 enim

145 1073 264 1122 ‚non
285 1061 598 1104 reuerteretur
627 1074 712 1117 per
736 1074 784 1105 se
812 1060 967 1118 ipsum
990 1076 1267 1119 quacunque
1291 1067 1425 1121 parte
1449 1064 1578 1108 facta
1599 1063 1862 1119 reflexione,

168 1126 346 1170 faceret
391 1128 574 1183 partem
614 1127 830 1183 equalem
868 1128 959 1172 toti
1003 1142 1087 1185 per
1124 1130 1391 1187 ypothesim
1437 1133 1485 1176 et
1521 1130 1722 1188 primam
1759 1143 1864 1187 pro·

168 1194 454 1252 positionem
485 1208 763 1250 quocunque
797 1195 1028 1242 existente
1060 1197 1263 1254 speculo.

289 1260 676 1317 qualitercunque
724 1262 912 1319 speculo
969 1263 1224 1308 adueniens
1271 1264 1400 1309 uisus
1452 1264 1694 1321 inequales
1749 1264 1866 1308 facit
1898 1270 1904 1314 Τ

171 1327 392 1385 angulos,
443 1327 484 1371 is
530 1342 616 1372 nec
663 1342 746 1385 per
794 1343 842 1373 se
881 1329 1035 1387 ipsum
1072 1345 1159 1375 nec
1198 1345 1336 1388 super
1374 1330 1602 1375 minorem
1641 1329 1865 1388 angulum

169 1394 434 1440 reuertitur.
500 1394 540 1439 si
572 1394 697 1439 enim
726 1410 811 1453 per
842 1410 890 1441 se
922 1396 1097 1455 ipsum,
1144 1397 1322 1443 faceret
1359 1398 1557 1456 angulos
1597 1396 1861 1442 reflexionis

171 1461 362 1518 equales
402 1464 566 1506 contra
604 1463 885 1519 ypothesim.
950 1463 991 1508 si
1029 1478 1140 1509 uero
1181 1478 1320 1522 super
1358 1463 1584 1508 minorem
1625 1463 1864 1522 angulum,
1902 1495 1904 1500 -

169 1528 347 1573 faceret
376 1542 460 1586 per
490 1528 690 1586 primam
719 1533 903 1587 partem
926 1530 1152 1576 maiorem
1174 1533 1291 1589 toto,
1324 1531 1436 1588 quia
1460 1531 1675 1588 equalem
1698 1529 1865 1576 maiori
1902 1547 1904 1549 ¹

172 1610 255 1640 suo
288 1598 403 1641 toto.

291 1663 353 1707 ad
376 1677 539 1720 propp.
559 1668 675 1707 2—3
701 1663 750 1708 in
766 1679 857 1722 mg.
878 1664 1144 1722 adscriptae
1169 1664 1592 1710 demonstrationes
1617 1663 1864 1722 genuinae,

171 1729 294 1774 sicut
325 1730 386 1773 ad
416 1743 580 1787 propp.
614 1735 655 1787 4,
690 1735 760 1788 20,
793 1745 914 1787 quae
946 1746 976 1776 a
1006 1731 1197 1777 Graecis
1230 1732 1513 1789 discrepant,
1546 1733 1599 1775 ut
1629 1745 1791 1788 propp.
1822 1735 1865 1788 5,

170 1802 386 1854 21-23,
419 1801 498 1854 28;
540 1811 646 1841 cum
677 1797 867 1843 Graecis
908 1799 1197 1844 concordant
1235 1797 1532 1844 definitiones
1565 1800 1613 1842 et
1642 1812 1805 1855 propp.
1839 1802 1866 1842 6

169 1869 302 1920 —18,
328 1867 398 1919 27,
425 1868 495 1919 30,
521 1868 575 1908 31
610 1866 658 1908 et
688 1878 862 1922 magna
894 1878 951 1909 ex
979 1868 1115 1923 parte
1149 1872 1219 1923 19,
1251 1870 1426 1911 24-26
1459 1868 1520 1923 (p.
1547 1870 1649 1921 298,
1674 1869 1730 1909 25
1762 1864 1866 1908 fan-

170 1930 325 1987 tasia).
382 1929 562 1974 scholia
591 1931 821 1975 nonnulla
853 1932 1038 1990 adsunt,
1071 1933 1204 1977 uelut
1236 1932 1297 1977 ad
1327 1946 1458 1990 prop.
1486 1937 1533 1976 7:
1571 1933 1707 1988 nota,
1740 1930 1866 1987 quod

171 1998 223 2042 in
261 1996 548 2054 quibusdam
585 1996 720 2042 libris
760 1998 1028 2043 scribuntur
1068 2005 1122 2045 16
1164 2000 1212 2044 et
1245 2003 1299 2043 17
1342 2000 1390 2042 et
1423 2003 1477 2043 18
1518 2000 1627 2042 ante
1665 1997 1808 2042 istam
1840 2001 1867 2042 7

172 2063 555 2123 propositionem.

291 2131 342 2174 in
382 2130 482 2176 cod.
515 2130 686 2176 Torun.
719 2131 760 2175 R
791 2132 879 2176 IV⁰
911 2137 937 2176 2
969 2147 1015 2189 p.
1042 2137 1098 2177 68
1138 2131 1277 2176 huius
1309 2130 1713 2188 interpretationis
1745 2131 1866 2175 duae

171 2197 518 2257 propositiones
550 2197 747 2242 ultimae
779 2198 1000 2256 leguntur
1032 2199 1175 2255 solae,
1208 2213 1325 2255 quas
1359 2198 1662 2255 subiungam:

290 2264 516 2323 possibile
541 2267 614 2309 est
637 2265 879 2322 speculum
902 2265 1110 2310 construi
1135 2268 1183 2310 et
1206 2265 1256 2310 in
1280 2265 1445 2310 eodem
1462 2279 1685 2322 apparere
1708 2265 1865 2323 plures

172 2331 342 2390 facies,
381 2332 467 2376 has
507 2331 700 2388 quidem
737 2332 961 2389 maiores,
1000 2332 1110 2377 inas
1150 2347 1261 2378 uero
1292 2331 1518 2388 minores,
1557 2332 1643 2376 has
1675 2331 1867 2388 quidem

170 2398 503 2457 propinquius,
542 2398 652 2443 illas
691 2413 803 2444 uero
844 2399 1054 2457 longius,
1094 2402 1142 2444 et
1172 2399 1250 2444 hic
1288 2398 1478 2456 quidem
1518 2399 1726 2456 dextras,
1766 2397 1867 2442 illic

173 2479 285 2511 uero
319 2465 546 2511 sinistras.
602 2467 703 2510 esto
735 2465 861 2510 enim
890 2466 1086 2523 planum
1116 2469 1194 2512 ab.
1252 2479 1362 2524 ergo
1393 2465 1443 2509 in
1475 2479 1530 2510 eo
1561 2465 1680 2510 fiunt
1701 2465 1866 2521 utique

175 2547 386 2578 connexa
418 2532 608 2590 specula
639 2534 693 2576 ut
723 2547 788 2578 ao
796 2548 826 2591 9
866 2536 914 2578 et
943 2535 1051 2590 trk,
1093 2547 1301 2578 concaua
1331 2546 1441 2577 uero
1473 2535 1527 2576 ut
1556 2533 1656 2591 yde
1695 2534 1742 2577 et
1773 2533 1864 2588 sit,

173 2599 319 2656 plana
349 2602 404 2643 ut
434 2613 500 2645 ez.
547 2599 706 2657 posita
736 2613 848 2644 uero
872 2599 1090 2658 facie***)
1122 2601 1351 2657 apparent
1380 2598 1571 2654 quidem
1602 2613 1631 2642 a
1662 2597 1865 2655 speculis

174 2666 330 2723 planis
371 2665 560 2722 equalia
599 2666 744 2724 ydola
783 2669 832 2711 et
874 2667 1106 2723 equaliter
1136 2665 1385 2722 distantia,
1428 2680 1455 2709 a
1495 2664 1713 2709 conuexis
1753 2678 1864 2708 uero
1893 2677 1904 2684 ·

295 2837 479 2925 *)*corr.
514 2881 571 2911 ex
595 2869 862 2926 portionem.
986 2867 1049 2924 **)
1080 2865 1130 2911 in
1160 2880 1250 2910 ras,
1372 2865 1459 2922 ***)
1491 2878 1585 2920 seq.
1619 2864 1705 2908 lae.
