1904 3184
104 1030 161 1070 10

106 1475 161 1517 15

104 1926 162 1967 20

108 2371 167 2413 25

189 84 303 138 354
636 85 916 128 'SOHoLIA
945 87 1010 129 m
1041 87 1429 131 CATOPTRICA.

305 203 390 257 25.
445 207 593 275 Λίχα
632 204 704 258 ἂν
742 210 825 273 εἴη
865 204 1168 275 τετμημένη
1215 226 1264 275 p.
1299 207 1431 275 318,
1467 207 1568 277 10]
1618 205 1732 260 ἐπεὶ
1779 204 1884 262 οὖν

189 296 253 348 αἱ
288 294 382 347 διὰ
419 295 523 363 τὴν
561 293 866 346 ἀνάκλασιν
907 298 1038 362 ἴσαι,
1077 292 1130 357 ἐξ
1164 289 1243 347 ὧν
1275 296 1337 346 αἱ
1365 294 1883 366 ἀπολαμβανόμεναι

190 385 330 454 πρὸς
368 390 433 453 τῇ
472 384 794 453 περιφερείᾳ
835 381 944 435 ὑπὸ
983 390 1080 451 τῆς
1118 385 1231 435 ΚΡ
1273 387 1386 436 ἴσαι
1426 385 1519 437 διὰ
1557 386 1619 438 τὸ
1660 368 1903 455 σχόλιον4

191 473 255 526 τὸ
289 471 348 526 ἐν
380 479 455 544 τῷ
489 469 546 523 α’
574 469 682 540 [8],
723 471 885 539 λοιπὴ
926 472 1033 540 ἄρα
1068 470 1101 539 ἡ
1133 470 1242 524 ὑπὸ
1276 475 1429 524 ΡΑΒ
1469 477 1633 544 λοιπῇ
1672 483 1737 545 τῇ
1775 474 1885 528 ὑπὸ

192 566 359 616 KAO
400 567 506 630 ἴση.
569 557 688 613 ἀλλ’
725 559 758 628 ἡ
797 559 906 613 ὑπὸ
948 563 1100 612 ΡΑΒ
1140 567 1205 631 τῇ
1244 561 1352 614 ὑπὸ
1388 565 1555 614 ΖΑΚ
1590 567 1680 632 ἴση
1714 562 1885 617 ἐστίν·

190 652 329 706 κατὰ
367 650 624 721 κορυφὴν
663 647 791 717 γάρ·
837 646 929 701 καὶ
969 647 1002 716 ἡ
1041 648 1150 702 ὑπὸ
1194 653 1363 702 OAK
1397 651 1503 721 ἄρα
1544 656 1634 720 ἴση
1674 661 1738 723 τῇ
1777 653 1886 706 ὑπὸ

192 744 307 794 KA
319 744 379 794 Z.

305 846 391 898 26.
446 845 672 907 Μείζων
711 843 818 911 ἄρα
850 841 883 910 ἡ
915 844 1032 894 ΕΚ
1064 862 1116 912 p.
1149 843 1275 912 318,
1311 843 1402 913 11]
1443 846 1581 898 ἔστω
1613 847 1889 915 τρίγωνον

192 935 255 988 τὸ
295 937 481 1001 ΑΖΕ,
520 930 612 985 καὶ
652 931 779 1000 δίχα
818 932 1108 1000 τετμήσθω
1149 930 1182 999 ἡ
1217 937 1269 985 A
1308 936 1483 1000 γωνία
1522 941 1586 1004 τῇ
1627 937 1758 1003 ΑΚ,
1796 934 1887 987 καὶ

193 1025 329 1077 ἔστω
377 1022 610 1092 ἀμβλεῖα
655 1019 688 1088 ἡ
735 1020 844 1073 ὑπὸ
884 1022 1072 1073 ΛΚΕ.
1150 1019 1315 1090 λέγω,
1364 1022 1448 1098 ὅτι
1495 1026 1692 1092 μείζων
1740 1021 1889 1077 ἐστὶν

191 1111 226 1180 ἡ
266 1114 381 1165 ΕΚ
429 1118 525 1179 τῆς
571 1113 696 1162 ΚΖ.
781 1110 938 1178 ἤχθω
994 1110 1100 1178 γὰρ

192 1201 428 1262 κάθετος
473 1200 507 1269 ἡ
547 1203 685 1267 ΑΛ,
732 1197 823 1251 καὶ
869 1196 995 1268 περὶ
1038 1199 1100 1251 τὸ
1379 1195 1428 1242 Α

192 1292 470 1361 τρίγωνον
531 1289 592 1341 τὸ
657 1293 709 1341 A
730 1291 844 1340 ΖΕ
901 1288 1102 1350 κύκλος

192 1377 651 1449 περιγεγράφθω,
706 1374 798 1430 καὶ
846 1375 1101 1446 ἐκβεβλή-
1190 1406 1230 1447 2
1252 1341 1339 1420 s

195 1472 426 1521 σθωσαν
479 1464 512 1534 ἡ
568 1469 684 1519 ΑΛ
736 1463 827 1519 καὶ
881 1465 914 1534 ἡ
972 1468 1100 1518 ΑΚ.
1224 1466 1234 1591 (
1367 1439 1426 1610 Α,
1486 1442 1522 1553 XX
1814 1441 1833 1566 Χ

194 1561 302 1610 εἴτε
357 1553 418 1608 δὲ
472 1554 619 1619 ὀξεῖα
673 1559 755 1623 εἴη
811 1553 844 1624 ἡ
895 1558 939 1607 Ζ
995 1559 1102 1607 εἴτε
1818 1567 1830 1628 s

194 1645 339 1716 ὀρθὴ
379 1649 486 1698 εἴτε
525 1643 774 1713 ἀμβλεῖα,
811 1646 1101 1715 προβαίνει
1248 1663 1286 1726 ’χ
1560 1669 1576 1718 χ
1794 1630 1818 1685 s

192 1733 227 1803 ἡ
261 1731 550 1797 ἀπόδειξις.
614 1734 665 1785 εἰ
694 1733 798 1801 γὰρ
828 1737 916 1801 ἴση
952 1730 1102 1785 ἐστὶν
1303 1747 1422 1827 X}
1575 1719 1606 1811 Χ
1663 1686 1794 1812 s
1847 1775 1853 1790 .

193 1822 227 1892 ἡ
274 1822 384 1876 ὑπὸ
431 1825 608 1874 ΚΑΕ
654 1829 719 1891 τῇ
764 1820 873 1894 ὑπὸ
914 1824 1102 1890 ΚΑΖ,
1373 1812 1662 1886 MN-‘Tvs

196 1917 285 1981 ἴση
346 1907 438 1964 καὶ
495 1909 528 1978 ἡ
584 1913 714 1964 ΕΝ
759 1909 1102 1982 περιφέρεια·

196 2002 394 2070 μείζων
454 2000 562 2070 ἄρα
623 1999 656 2069 ἡ
711 2003 843 2052 ΕΜ
894 2007 1008 2069 τῆς·
1043 2003 1180 2052 ΜΖ.
1281 2000 1464 2067 μεῖζον
1518 1997 1624 2066 ἀρα
1682 1995 1772 2050 καὶ
1826 1997 1904 2050 τὸ·

198 2088 304 2144 ἀπὸ
351 2091 478 2142 ΜΕ
520 2096 620 2142 τοῦ
667 2088 773 2142 ἀπὸ
821 2092 966 2157 ΜΖ,
1021 2086 1269 2142 τουτέστι
1323 2087 1389 2139 τὰ
1436 2073 1541 2139 ἀπὸ
1589 2089 1739 2155 ΜΛ,
1779 2089 1831 2138 Λ

197 2187 311 2231 τῶν
358 2177 463 2232 ἀπὸ
504 2181 646 2246 ΜΛ,
685 2181 806 2230 ΛΖ.
890 2179 1084 2231 κοινὸν
1130 2177 1442 2248 ἀφῃρήσθω
1490 2177 1551 2229 τὸ
1596 2175 1700 2229 ἀπὸ
1741 2178 1890 2228 ΜΛ·

200 2268 397 2321 λοιπὸν
450 2268 557 2338 ἄρα
607 2267 668 2320 τὸ
717 2266 822 2320 ἀπὸ
870 2271 980 2320 ΕΛ
1034 2274 1134 2320 τοῦ
1181 2265 1286 2319 ἀπὸ
1335 2269 1386 2318 A
1398 2269 1441 2317 Z
1495 2266 1678 2334 μεῖζόν
1725 2262 1875 2338 ἐστιν

199 2357 391 2410 κοινὸν
427 2358 779 2426 προσκείσθω
819 2356 880 2409 τὸ
922 2356 1027 2409 ἀπὸ
1062 2359 1189 2408 ΛΑ·
1229 2356 1295 2408 τὰ
1335 2356 1441 2421 ἀρα
1473 2353 1578 2407 ἀπὸ
1612 2357 1737 2422 ΕΛ,
1764 2355 1871 2406 ΛΑ

260 2714 301 2755 4.
341 2710 455 2754 Post
492 2708 544 2753 τό
584 2723 673 2754 ras.
709 2714 731 2752 1
773 2708 866 2753 litt.
905 2709 960 2753 V.
1116 2715 1154 2753 6.
1196 2707 1431 2766 κορυφήν]
1463 2705 1637 2764 κορυφς
1666 2706 1719 2751 V.
1869 2739 1871 2741 .

202 2774 288 2814 KA
303 2770 355 2828 Ζ]
390 2782 415 2812 e
447 2782 561 2813 corr.
588 2783 631 2825 q,
666 2771 805 2812 ΚΛΖ
834 2767 889 2812 V.
984 2771 1026 2812 9.
1058 2767 1319 2826 τετμήσθω]
1351 2769 1635 2824 τεαχθησθω
1666 2765 1720 2809 V.
1817 2771 1835 2808 1

205 2829 272 2887 εἰ]
307 2842 390 2872 scr.
426 2825 525 2872 ἐπεί
540 2835 559 2872 ἱ)
690 2832 758 2871 20.
791 2827 821 2884 ἡ
856 2827 985 2901 ΕΝ]
1021 2829 1126 2871 ΕΝ
1151 2827 1206 2872 V.
1355 2826 1470 2870 Post
1499 2822 1773 2882 περιφέρεια
1805 2837 1833 2867 a

202 2888 407 2932 dendum
437 2894 492 2946 τῇ
526 2890 653 2931 ΜΖ
656 2884 942 2948 περιφερείᾳ.
