1904 3184
113 1058 168 1097 10

109 1519 163 1558 15

105 2007 162 2048 20

103 2452 158 2491 25

203 88 314 141 254
550 63 557 70 ’
927 91 1188 134 SCHOLIA
1888 0 1904 183 ἓ

205 211 329 279 ἔχει,
354 208 632 264 τεθέντων
655 212 948 280 συμβαίνει
970 212 1073 280 τὴν
1090 213 1314 264 ἔκθεσιν
1332 209 1658 282 ἐφαρμόζειν
1682 184 1904 285 αὐτοῖς-1

203 297 297 352 καὶ
335 300 440 370 γὰρ
479 299 803 370 παραλληλά
840 299 903 353 τέ
937 301 1044 353 εἰσι
1082 300 1149 353 τὰ
1187 303 1448 370 τρίγωνα,
1489 298 1582 353 καὶ
1620 301 1681 354 τὸ
1720 293 1904 360 BKAi

203 390 479 459 τρίγωνον
515 393 830 443 πλεονεκτεῖ
865 396 940 462 τῷ
972 390 1130 459 μήκει
1167 398 1279 442 τῶν
1310 391 1437 458 ΒΚ,
1469 393 1571 442 ΒΛ
1608 361 1904 487 γραμμῶν,ἒ

204 479 301 530 καί
337 477 450 531 ἐστι
490 478 583 530 διὰ
621 485 794 531 ταῦτα
834 483 957 532 ἴσον
995 479 1057 531 τὸ
1096 477 1215 547 ἔτερ
1234 519 1367 531 .....

318 582 402 635 10.
460 580 702 651 Ἐπειδή,
758 582 882 637 ὅσαι
937 581 1007 636 ἂν
1060 581 1276 646 ἀκτῖνες
1326 580 1414 635 ἐπὶ
1459 583 1520 636 τὸ
1570 585 1670 636 ΓΔ
1722 548 1904 654 προσ-Ξ

200 668 461 740 πέσωσιν,
501 670 756 743 έξώτεραι
795 674 1013 726 ἔσονται
1052 679 1151 724 τοῦ
1185 675 1242 724 Κ
1246 675 1298 724 Λ
1335 673 1408 742 μὴ
1447 622 1904 765 προσπίπτουσαιέ

202 759 376 832 αὐτῷ·
418 761 556 814 ὥστε
592 760 701 814 ὑπὸ
740 763 1015 815 πλειόνων
1054 760 1247 830 ὁρᾶται
1287 761 1348 814 τὸ
1391 763 1507 814 ΓΔ.
1896 790 1904 862 ἶ

314 865 399 918 11.
450 863 612 919 Ἀλλά
659 866 917 934 δηλονότι
960 863 1118 935 μέχρι
1156 874 1268 917 τῶν
1307 867 1384 934 Κ,
1418 868 1469 918 Λ
1513 865 1765 936 περάτων
1804 863 1862 919 ἐλ

198 957 407 1007 θοῦσαι
438 956 733 1024 στήσονται
764 952 857 1007 καὶ
889 952 977 1023 ἐφ’
1006 951 1203 1016 ἑαυτὰς
1234 953 1753 1022 ἀνακλασθήσονται
1785 996 1796 1007 .
1815 995 1856 1008 ..

201 1045 578 1113 στηρίζουσιν,
633 1041 754 1097 ἀλλ’
806 1043 880 1105 ὡς
932 1048 1106 1096 θ..τι
1160 1041 1275 1096 ἐπεὶ
1323 1041 1619 1113 ἐγγύτερόν
1664 1042 1779 1096 ἐστι
1826 1062 1855 1096 τ

197 1133 244 1183 Β
258 1133 360 1185 ΓΔ
383 1135 674 1203 τρίγωνον,
691 1130 781 1185 καὶ
797 1134 1047 1195 πλείονες
1063 1132 1217 1196 ὄψεις
1236 1132 1412 1205 τούτῳ
1429 1139 1890 1202 προσπεσοῦνται,

195 1218 288 1274 καὶ
319 1220 646 1285 ἀκολούθως
677 1220 1064 1292 ἀκριβέστερον
1089 1220 1441 1292 ὁραθήσεται,
1473 1220 1721 1275 τουτέστι
1753 1225 1860 1291 μᾶλ

199 1314 299 1364 λον
338 1310 372 1380 ἢ
411 1312 472 1365 τὸ
512 1310 701 1382 ἕτερον
740 1310 1091 1381 ὁραθήσεται.

311 1415 392 1467 12.
449 1416 739 1469 Πλειόνων
778 1416 961 1479 ὄψεων
998 1433 1050 1484 p.
1085 1414 1215 1484 156,
1248 1414 1352 1484 23]
1400 1415 1453 1467 εἰ
1487 1411 1549 1467 δὲ
1587 1414 1695 1468 ὑπὸ
1734 1418 1856 1468 πλει

197 1505 345 1557 όνων
383 1505 583 1572 ὄψεων,
621 1502 713 1557 καὶ
751 1503 859 1557 ὑπὸ
898 1505 1172 1557 πλειόνων
1211 1512 1445 1572 γωνιῶν.

830 1629 916 1683 Ad
954 1648 1107 1700 prop.
1147 1628 1242 1682 III.

310 1728 391 1780 13.
437 1726 600 1791 Ἴσως
646 1732 788 1781 εἴποι
835 1747 918 1790 τις
963 1728 1058 1796 ἄν,
1114 1726 1211 1795 ὡς,
1267 1725 1451 1796 ἐπειδὴ
1501 1726 1567 1780 οὐ
1613 1728 1778 1796 μόναι
1825 1746 1859 1780 α

194 1817 309 1883 ΒΓ,
340 1819 444 1869 ΒΔ
482 1819 924 1887 προσπίπτουσιν
963 1816 1178 1879 ἀκτῖνες
1215 1816 1353 1886 πρὸς
1391 1816 1452 1869 τὸ
1495 1818 1595 1868 ΓΔ
1632 1813 1866 1885 μέγεθος

193 1902 332 1957 ἀλλά
362 1903 453 1958 καὶ
485 1906 646 1958 ἄλλαι
677 1909 926 1958 πλεῖσται
957 1903 1156 1974 μεταξὺ
1189 1914 1300 1958 τῶν
1333 1906 1395 1973 Γ,
1419 1909 1490 1974 Δ,
1530 1904 1618 1957 ὅτε
1650 1902 1854 1973 ἀφιστα
1899 1895 1901 1900 ’

193 1991 364 2062 μένου
418 2001 518 2047 τοῦ
567 1996 668 2047 ΓΔ
720 1992 993 2063 μεγέθους
1038 1994 1106 2047 οὐ
1150 1996 1448 2047 πίπτουσιν
1498 1993 1560 2046 αἰ
1601 1995 1728 2062 ΒΓ,
1768 1995 1815 2045 Β

193 2080 424 2152 ἀκτῖνες,
454 2090 896 2154 προσπεσοῦνται
921 2083 983 2136 αἱ
1002 2081 1201 2153 μεταξὺ
1227 2090 1326 2136 τοῦ
1350 2081 1520 2152 μέσου
1542 2089 1854 2153 προσπεσο”

192 2184 284 2223 σαι
323 2171 551 2235 ἀκτῖνες.
614 2169 842 2241 λέγομεν
885 2167 988 2226 οὖν
1024 2172 1163 2243 πρὸς
1201 2172 1300 2224 τὸν
1331 2170 1475 2224 οὕτω
1508 2169 1824 2239 ἀπορήσαντ
1870 2195 1871 2199 ’

192 2259 293 2329 ὅτι,
318 2262 369 2314 εἰ
390 2258 480 2313 καὶ
504 2261 643 2332 πρὸς
658 2261 856 2331 μικρὸν
881 2259 1252 2330 ἀφεστηκότος
1273 2266 1373 2313 τοῦ
1392 2261 1446 2312 Γ
1438 2264 1494 2312 Δ
1516 2258 1787 2329 μεγέθους
1902 2307 1904 2323 2

190 2351 605 2420 προσβαλοῦσιν
637 2351 699 2403 αἱ
725 2352 847 2418 ΒΓ,
880 2353 984 2403 ΒΛ
1023 2348 1255 2418 ἀκτῖνες,
1294 2346 1414 2402 ἀλλ’
1450 2349 1512 2402 αί
1544 2346 1744 2418 μεταξὺ
1776 2343 1867 2402 vo*
1902 2335 1904 2417 ξ

191 2436 379 2508 μέσου,
409 2437 500 2492 καὶ
526 2437 613 2492 ἐπὶ
636 2443 894 2492 πλεῖστον
919 2438 1290 2508 ἀφεστηκότος
1313 2444 1412 2491 τοῦ
1435 2438 1690 2491 τοιούτου
1721 2435 1856 2507 μεγέ

188 2533 332 2591 θους
371 2526 494 2581 οὐδ’
530 2529 590 2581 αἱ
624 2526 823 2623 μεταξὺ
863 2535 962 2580 τοῦ
1002 2526 1172 2597 μέσου
1214 2533 1655 2598 προσπεσοῦνται
1688 2526 1781 2579 δια
1812 2546 1842 2579 τ
1898 2523 1904 2605 ξ

310 2738 376 2778 10
418 2733 742 2789 VM¹FRqst
781 2733 859 2789 <ad
892 2748 936 2790 p
972 2738 1071 2790 156,
1105 2735 1192 2790 23)
1346 2736 1415 2777 11.
1455 2731 1531 2776 νε.
1685 2736 1754 2775 12.
1794 2695 1899 2794 3¹4¹

249 2796 317 2837 13.
350 2792 746 2849 RfflAqustu‚
778 2792 885 2837 Vat.
911 2807 970 2837 m.
998 2796 1054 2850 2).
1859 2827 1877 2838 .-

307 2903 452 2942 8—10
483 2911 577 2942 non
607 2895 846 2953 intellego,
971 2901 1039 2941 17.
1075 2895 1218 2955 εἴποι]
1250 2896 1389 2953 Mqr,
1424 2894 1530 2954 εἴπῃ
1562 2893 1719 2939 RFrt.
