1904 3184
150 109 232 155 XL
769 107 1234 151 PROLEGOMENA.

271 242 402 286 prop.
429 232 508 273 26:
553 226 603 271 Si
633 225 786 270 maius
819 223 1049 268 diametro
1081 223 1225 269 fuerit
1254 224 1564 269 interstitium
1595 224 1853 281 uisionum‚
1893 210 1904 240 ‘⁴

152 295 395 340 uidebitur
424 293 580 338 medio
613 305 744 350 spere
776 291 928 335 maius
960 292 1027 348 (0,
1058 305 1142 336 om.
1182 292 1259 348 T).

272 376 403 419 prop.
437 364 515 405 28:
563 358 822 403 Medietate
854 357 1008 402 minus
1033 358 1183 416 aspici
1212 359 1269 402 de
1295 358 1546 416 columpna
1570 358 1636 415 (G,
1661 372 1744 403 om.
1769 358 1852 414 T).

272 443 403 486 prop.
432 431 509 472 29:
543 426 678 480 Quod
703 440 731 469 a
754 424 1086 482 propinquiore
1111 425 1169 469 de
1194 425 1445 482 columpna
1467 425 1671 469 rotunda
1693 424 1853 468 minus,

153 494 472 541 essentialiter
503 492 721 549 cernitur,
753 491 906 536 maius
938 494 1011 536 est
1040 494 1323 549 apparenter
1355 493 1416 549 (L
1428 492 1475 549 G,
1507 507 1590 538 om.
1623 493 1698 549 T).

272 577 403 622 prop.
445 565 524 606 30:
586 558 837 604 Piramidis
882 558 1112 603 medietas
1163 559 1363 603 rotunde
1410 573 1506 603 non
1553 558 1742 603 uidetur
1787 557 1851 601 ab

156 631 292 676 oculo
326 643 464 687 super
495 628 699 673 ebadum
729 626 859 671 basis
891 625 1122 671 collocato
1155 626 1229 684 (L,
1262 640 1345 670 om.
1379 627 1457 684 T).

277 696 423 742 aliam
453 709 611 739 rursus
644 693 965 738 recensionem
997 692 1235 738 continere
1274 693 1464 737 uidetur
1502 693 1603 738 cod.
1636 692 1849 737 Ambros.

154 764 192 807 P
218 769 272 808 21
300 778 399 819 sup.
427 775 547 805 saec.
565 760 694 816 XIV3
726 759 816 804 inc.
842 758 1002 803 radius
1028 760 1268 817 egreditur
1291 760 1351 804 ab
1377 760 1512 804 oculo
1539 773 1677 817 super
1699 758 1851 802 lineas

157 830 363 887 equales,
398 829 493 873 des.
518 827 599 872 fol.
628 831 734 872 133:
771 839 827 870 ex
858 826 962 871 loco
993 826 1123 870 uisus
1157 826 1219 870 ad
1251 828 1463 870 centrum
1495 824 1658 869 circuli
1690 837 1853 868 secun-

158 898 270 942 dum
302 894 681 953 dispositionem,
722 908 864 950 quam
896 892 1113 936 diximus,
1177 895 1226 936 et
1255 893 1344 936 hoc
1378 895 1469 949 est,
1503 891 1630 948 quod
1662 891 1853 935 demon-

159 966 309 1008 strare
333 961 582 1007 noluimus.
632 959 827 1018 explicit
857 959 979 1004 liber
1010 959 1068 1003 de
1100 959 1370 1016 aspectibus
1395 958 1604 1003 Euclidis
1637 956 1850 1002 feliciter.

157 1029 328 1075 titulus
369 1031 462 1075 est:
509 1028 632 1072 liber
670 1028 728 1072 de
767 1026 1036 1084 aspectibus
1076 1027 1124 1070 et
1162 1025 1364 1083 speculis
1396 1025 1628 1082 Euclidis,
1669 1038 1774 1068 cum
1803 1022 1854 1066 in

159 1096 326 1142 ceteris
379 1094 620 1140 codicibus
668 1094 764 1139 fere
811 1093 1095 1138 inscribatur
1141 1092 1198 1136 de
1238 1092 1356 1137 uisu.
1433 1106 1562 1149 prop.
1605 1095 1652 1136 9:
1708 1091 1856 1147 figure

160 1163 419 1222 ortogonie‚
453 1177 558 1206 cum
590 1161 882 1219 aspiciuntur
913 1174 942 1204 a
973 1160 1127 1217 longe,
1159 1158 1383 1203 uidentur
1414 1159 1658 1203 rotundae.

281 1229 410 1284 Quae
441 1228 638 1274 Uitellio
677 1228 727 1272 in
767 1227 890 1272 libro
921 1227 987 1271 IV
1018 1240 1125 1270 cum
1155 1225 1351 1270 Euclide
1391 1224 1656 1270 communia
1695 1224 1855 1281 habet,

158 1311 310 1354 neque
338 1296 388 1340 in
411 1295 813 1354 propositionibus
837 1308 924 1339 nec
947 1293 1097 1337 multo
1121 1291 1275 1336 minus
1299 1292 1350 1336 in
1375 1290 1856 1337 demonstrationibus

161 1364 223 1409 ad
268 1363 466 1408 uerbum
520 1377 625 1406 curn
678 1361 778 1406 ulla
832 1362 999 1405 harum
1053 1359 1497 1417 interpretationum
1541 1357 1853 1404 consentiunt.

158 1432 371 1489 Rogerus
403 1443 515 1474 uero
539 1430 664 1474 Baco
698 1426 985 1486 exemplaria
1014 1427 1163 1484 nouit,
1195 1426 1278 1471 ubi
1306 1428 1503 1483 utraque
1527 1423 1857 1483 interpretatio

161 1496 413 1542 coniuncta
445 1498 567 1552 erat3
609 1510 653 1542 u.
689 1495 771 1553 Op.
805 1494 957 1540 maius
988 1510 1032 1552 p.
1066 1498 1154 1538 246
1186 1495 1259 1551 (=
1283 1491 1586 1550 Perspectiua
1617 1492 1687 1537 ed.
1722 1491 1856 1535 Com-

159 1563 283 1608 bach
306 1579 351 1621 p.
380 1565 504 1620 115):
536 1564 586 1606 in
610 1562 732 1606 libro
765 1562 823 1607 de
854 1561 960 1606 uisu
993 1561 1082 1605 hoc
1112 1559 1239 1604 idem
1271 1559 1377 1603 uult
1400 1562 1576 1616 auctor,
1610 1573 1715 1602 cum
1740 1556 1859 1602 dicit

161 1630 211 1674 in
242 1630 286 1674 X
315 1629 660 1687 propositione:
692 1628 996 1687 rectangulae
1027 1625 1380 1684 magnitudines
1413 1639 1438 1670 e
1471 1624 1702 1670 distantia
1726 1623 1858 1668 uisae

161 1695 456 1755 peripheriae
489 1698 719 1753 apparent
750 1696 813 1754 [p.
843 1699 912 1752 17,
939 1696 1000 1755 5].
1069 1694 1151 1738 sed
1194 1693 1306 1749 quia
1344 1692 1647 1750 rectangulae
1680 1692 1858 1749 figurae

161 1762 433 1807 huiusmodi
463 1777 559 1807 non
590 1765 787 1820 possunt
818 1775 919 1806 esse
949 1760 1042 1805 nisi
1077 1760 1409 1818 aequilaterae,
1441 1760 1548 1804 ideo
1581 1758 1678 1804 alia
1705 1761 1852 1803 trans-

162 1829 282 1874 latio
331 1829 596 1887 subiungit:
645 1829 878 1886 quadrata
923 1842 1007 1886 per
1052 1827 1331 1872 distantiam
1378 1829 1608 1884 apparent
1653 1825 1858 1870 rotunda

169 1897 232 1956 [u.
265 1912 309 1954 p.
334 1895 606 1955 XXXVIII}
669 1895 749 1941 cfr.
782 1895 844 1941 ib.
877 1910 922 1952 p.
956 1900 1042 1940 246
1076 1898 1149 1952 (=
1172 1910 1217 1952 p.
1253 1899 1337 1938 116
1371 1893 1646 1951 Combach):
1692 1894 1859 1938 auctor

167 1963 279 2008 libri
311 1963 369 2008 de
393 1963 499 2007 uisu
531 1966 580 2008 et
601 1963 740 2007 multi
764 1962 1095 2019 aestimabant,
1128 1960 1503 2018 magnitudinem
1528 1957 1859 2016 comprehendi

166 2044 251 2089 per
281 2029 597 2087 quantitatem
629 2029 792 2088 anguli
824 2029 950 2087 apud
983 2028 1190 2084 oculum,
1229 2028 1354 2072 unde
1386 2027 1436 2071 in
1465 2026 1696 2085 principio
1729 2024 1860 2069 illius

166 2097 279 2142 libri
311 2097 601 2155 supponitur,
635 2098 761 2154 quod
792 2097 897 2141 uisa
922 2095 1008 2140 sub
1032 2094 1200 2139 maiori
1226 2094 1400 2152 angulo
1425 2095 1655 2151 apparent
1677 2092 1861 2136 maiora

167 2167 216 2210 et
248 2165 334 2209 sub
365 2164 536 2209 minori
566 2163 762 2221 minora,
797 2167 845 2208 et
877 2163 962 2207 sub
993 2162 1269 2218 aequalibus
1294 2161 1480 2219 angulis
1505 2160 1609 2205 uisa
1634 2171 1858 2217 apparere

167 2231 388 2288 aequalia
429 2232 491 2291 [p.
526 2236 574 2288 3,
608 2236 633 2275 6
653 2233 755 2291 sq.].
824 2231 1055 2275 Iohannes
1087 2229 1325 2273 Peckham
1356 2226 1702 2286 (Perspectiuae
1735 2240 1860 2270 com-

165 2297 322 2342 munis
353 2297 464 2342 libri
495 2300 603 2343 tres.
639 2298 797 2343 Colon.
834 2300 967 2354 1592)
1002 2295 1152 2340 altera
1184 2295 1572 2353 interpretatione
1604 2293 1773 2348 utitur3
1813 2306 1856 2337 u.
1902 2302 1904 2306 ⁴

166 2365 200 2422 I,
228 2369 284 2409 39
315 2379 410 2410 non
436 2365 522 2409 sub
547 2378 824 2422 quocunque
849 2363 1023 2421 angulo
1047 2377 1145 2406 rem
1168 2361 1319 2406 uideri
1345 2362 1407 2421 [p.
1434 2366 1474 2419 3,
1502 2362 1602 2420 14];
1636 2359 1715 2404 cfr.
1741 2360 1774 2416 I,
1801 2362 1860 2403 38
1902 2412 1904 2425 ,

168 2432 226 2475 de
250 2431 340 2476 hac
364 2430 644 2476 certitudine
668 2430 878 2487 loquitur
892 2429 1110 2474 Euclides
1130 2429 1187 2473 de
1211 2428 1330 2485 uisu,
1356 2442 1462 2472 011111
1477 2427 1652 2484 inquit:
1676 2425 1859 2470 nullum
1902 2432 1904 2470 2

167 2497 359 2542 uisibile
393 2497 532 2542 simul
562 2500 716 2542 totum
746 2496 919 2554 uideri,
954 2497 1035 2541 sed
1066 2510 1150 2553 per
1177 2495 1555 2540 immutationem
1584 2487 1868 2552 pyramidis.
1902 2496 1904 2506 ⁴

287 2565 376 2609 Per
414 2566 569 2609 totum
608 2564 755 2622 igitur
791 2563 998 2608 medium
1037 2577 1207 2607 aeuum
1239 2562 1339 2607 sola
1373 2561 1542 2619 Optica
1572 2560 1778 2619 genuina
1808 2558 1862 2603 in

166 2631 386 2676 manibus
419 2631 661 2676 hominum
701 2633 855 2687 erant;
900 2644 1011 2673 nam
1050 2644 1170 2686 quae
1201 2628 1477 2674 Uincentius
1509 2625 1868 2673 Bellouacensis.

170 2698 301 2755 Spec.
333 2700 431 2742 nat.
464 2697 606 2754 XXV,
638 2701 695 2740 45
731 2696 879 2741 habet
907 2695 1193 2753 praefationi
1223 2694 1427 2740 Theonis
1460 2693 1791 2752 consimilia*),
1832 2705 1874 2755 ³ss

290 2839 328 2895 *)
362 2841 410 2882 et
441 2852 498 2882 ex
527 2838 617 2882 hoc
649 2836 889 2882 concludit
919 2836 1160 2894 Euclides,
1193 2836 1319 2893 quod
1350 2835 1564 2879 uidemus
1594 2849 1677 2892 per
1708 2834 1804 2878 line

172 2898 235 2942 ab
270 2897 403 2942 oculo
437 2897 742 2954 egredientes,
775 2895 999 2941 uidelicet
1028 2910 1112 2952 per
1141 2895 1443 2953 triangulum,
1477 2894 1607 2938 cuius
1630 2893 1759 2938 basis
1788 2894 1861 2938 est
