<?xml version="1.0" encoding="UTF-8"?>
<!DOCTYPE html PUBLIC "-//W3C//DTD XHTML 1.0 Transitional//EN"
    "http://www.w3.org/TR/xhtml1/DTD/xhtml1-transitional.dtd">
<html xmlns="http://www.w3.org/1999/xhtml" xml:lang="en" lang="en">
 <head>
  <title>
</title>
<meta http-equiv="Content-Type" content="text/html;charset=utf-8" />
  <meta name='ocr-system' content='tesseract 3.04.00' />
  <meta name='ocr-capabilities' content='ocr_page ocr_carea ocr_par ocr_line ocrx_word'/>
</head>
<body>
  <div class='ocr_page' id='page_1' title='image "./euclidisoperaomn07eucluoft_0254.png"; bbox 0 0 1904 3184; ppageno 0'>
   <div class='ocr_carea' id='block_1_1' title="bbox 216 81 1552 136">
    <p class='ocr_par' dir='ltr' id='par_1_1' title="bbox 216 81 1552 136">
     <span class='ocr_line' id='line_1_1' title="bbox 216 81 1552 136; baseline -0.007 -1"><span class='ocrx_word' id='word_1_1' title='bbox 216 82 324 136; x_wconf 82' lang='lat'><strong><em>192</em></strong></span> <span class='ocrx_word' id='word_1_2' title='bbox 565 82 916 126; x_wconf 83' lang='lat' dir='ltr'>OPTICORUM</span> <span class='ocrx_word' id='word_1_3' title='bbox 946 82 1241 126; x_wconf 77' lang='lat' dir='ltr'>RECENSIO</span> <span class='ocrx_word' id='word_1_4' title='bbox 1273 81 1552 125; x_wconf 76' lang='lat' dir='ltr'><strong>THEoms,</strong></span> 
     </span>
    </p>
   </div>
   <div class='ocr_carea' id='block_1_2' title="bbox 131 230 1904 2424">
    <p class='ocr_par' dir='ltr' id='par_1_2' title="bbox 1025 230 1094 285">
     <span class='ocr_line' id='line_1_2' title="bbox 1025 230 1094 285; baseline -0.014 0"><span class='ocrx_word' id='word_1_5' title='bbox 1025 230 1094 285; x_wconf 62' lang='lat'><strong><em>2&#39;:</em></strong></span> 
     </span>
    </p>

    <p class='ocr_par' dir='ltr' id='par_1_3' title="bbox 323 332 1904 405">
     <span class='ocr_line' id='line_1_3' title="bbox 323 332 1904 405; baseline -0.001 -15"><span class='ocrx_word' id='word_1_6' title='bbox 323 338 527 390; x_wconf 90' lang='grc' dir='ltr'><strong><em>Κώνου</em></strong></span> <span class='ocrx_word' id='word_1_7' title='bbox 580 337 786 390; x_wconf 79' lang='grc' dir='ltr'><strong><em>κύκλον</em></strong></span> <span class='ocrx_word' id='word_1_8' title='bbox 837 338 1056 405; x_wconf 83' lang='grc' dir='ltr'><strong><em>ἔχοντος</em></strong></span> <span class='ocrx_word' id='word_1_9' title='bbox 1109 336 1211 404; x_wconf 83' lang='grc' dir='ltr'><strong><em>τὴν</em></strong></span> <span class='ocrx_word' id='word_1_10' title='bbox 1256 334 1422 403; x_wconf 77' lang='grc' dir='ltr'><strong><em>βάσιν</em></strong></span> <span class='ocrx_word' id='word_1_11' title='bbox 1473 334 1582 388; x_wconf 85' lang='grc' dir='ltr'><strong><em>ὑπὸ</em></strong></span> <span class='ocrx_word' id='word_1_12' title='bbox 1633 342 1732 388; x_wconf 89' lang='grc' dir='ltr'><strong><em>τοῦ</em></strong></span> <span class='ocrx_word' id='word_1_13' title='bbox 1779 332 1904 399; x_wconf 83' lang='grc' dir='ltr'><strong><em>ἑνὸς</em></strong></span> 
     </span>
    </p>

    <p class='ocr_par' dir='ltr' id='par_1_4' title="bbox 131 423 1904 2424">
     <span class='ocr_line' id='line_1_4' title="bbox 214 423 1753 496; baseline -0.002 -17"><span class='ocrx_word' id='word_1_14' title='bbox 214 428 452 496; x_wconf 79' lang='grc' dir='ltr'><em>ὄμματος</em></span> <span class='ocrx_word' id='word_1_15' title='bbox 491 423 776 495; x_wconf 79' lang='grc' dir='ltr'>ὁρωμένου</span> <span class='ocrx_word' id='word_1_16' title='bbox 816 426 1048 478; x_wconf 83' lang='grc' dir='ltr'><strong><em>ἔλασσον</em></strong></span> <span class='ocrx_word' id='word_1_17' title='bbox 1085 423 1391 493; x_wconf 82' lang='grc' dir='ltr'><strong><em>ἡμικωνίου</em></strong></span> <span class='ocrx_word' id='word_1_18' title='bbox 1430 423 1753 493; x_wconf 88' lang='grc' dir='ltr'><strong><em>ὀφθήσεται.</em></strong></span> 
     </span>
     <span class='ocr_line' id='line_1_5' title="bbox 325 508 1902 585; baseline 0 -18"><span class='ocrx_word' id='word_1_19' title='bbox 325 516 462 567; x_wconf 80' lang='grc' dir='ltr'><strong><em>ἔστω</em></strong></span> <span class='ocrx_word' id='word_1_20' title='bbox 510 514 615 585; x_wconf 82' lang='grc' dir='ltr'><strong><em>γὰρ</em></strong></span> <span class='ocrx_word' id='word_1_21' title='bbox 663 514 848 566; x_wconf 81' lang='grc' dir='ltr'><strong><em>κώνου</em></strong></span> <span class='ocrx_word' id='word_1_22' title='bbox 887 513 1048 582; x_wconf 78' lang='grc' dir='ltr'><strong><em>βάσις</em></strong></span> <span class='ocrx_word' id='word_1_23' title='bbox 1084 514 1309 582; x_wconf 78' lang='grc' dir='ltr'><strong><em>κύκλος,</em></strong></span> <span class='ocrx_word' id='word_1_24' title='bbox 1355 508 1423 566; x_wconf 85' lang='grc' dir='ltr'><strong><em>οὗ</em></strong></span> <span class='ocrx_word' id='word_1_25' title='bbox 1461 510 1692 583; x_wconf 80' lang='grc' dir='ltr'><strong><em>κέντρον</em></strong></span> <span class='ocrx_word' id='word_1_26' title='bbox 1730 514 1792 567; x_wconf 88' lang='grc' dir='ltr'><strong><em>τὸ</em></strong></span> <span class='ocrx_word' id='word_1_27' title='bbox 1832 516 1902 583; x_wconf 88' lang='grc' dir='ltr'><strong><em>Κ,</em></strong></span> 
     </span>
     <span class='ocr_line' id='line_1_6' title="bbox 159 599 1904 672; baseline -0.001 -16"><span class='ocrx_word' id='word_1_28' title='bbox 159 617 185 656; x_wconf 87' lang='lat'>5</span> <span class='ocrx_word' id='word_1_29' title='bbox 216 602 307 656; x_wconf 86' lang='grc' dir='ltr'><strong><em>καὶ</em></strong></span> <span class='ocrx_word' id='word_1_30' title='bbox 346 602 452 656; x_wconf 80' lang='grc' dir='ltr'><strong><em>ἀπὸ</em></strong></span> <span class='ocrx_word' id='word_1_31' title='bbox 490 610 590 655; x_wconf 91' lang='grc' dir='ltr'><strong><em>τοῦ</em></strong></span> <span class='ocrx_word' id='word_1_32' title='bbox 630 605 677 654; x_wconf 89' lang='grc' dir='ltr'><strong><em>Β</em></strong></span> <span class='ocrx_word' id='word_1_33' title='bbox 725 603 965 671; x_wconf 80' lang='grc' dir='ltr'><strong><em>ὄμματος</em></strong></span> <span class='ocrx_word' id='word_1_34' title='bbox 1002 603 1158 671; x_wconf 78' lang='grc' dir='ltr'><strong><em>ἤχθω</em></strong></span> <span class='ocrx_word' id='word_1_35' title='bbox 1207 599 1295 654; x_wconf 83' lang='grc' dir='ltr'><strong><em>ἐπὶ</em></strong></span> <span class='ocrx_word' id='word_1_36' title='bbox 1333 602 1396 654; x_wconf 91' lang='grc' dir='ltr'><strong><em>τὸ</em></strong></span> <span class='ocrx_word' id='word_1_37' title='bbox 1433 599 1665 671; x_wconf 84' lang='grc' dir='ltr'><strong><em>κέντρον</em></strong></span> <span class='ocrx_word' id='word_1_38' title='bbox 1703 601 1736 670; x_wconf 84' lang='grc' dir='ltr'><em>ἡ</em></span> <span class='ocrx_word' id='word_1_39' title='bbox 1776 605 1904 672; x_wconf 87' lang='grc' dir='ltr'><strong><em>ΒΚ,</em></strong></span> 
     </span>
     <span class='ocr_line' id='line_1_7' title="bbox 215 687 1904 762; baseline -0.001 -17"><span class='ocrx_word' id='word_1_40' title='bbox 215 691 307 745; x_wconf 84' lang='grc' dir='ltr'><strong><em>καὶ</em></strong></span> <span class='ocrx_word' id='word_1_41' title='bbox 354 692 446 745; x_wconf 82' lang='grc' dir='ltr'><strong><em>διὰ</em></strong></span> <span class='ocrx_word' id='word_1_42' title='bbox 493 699 592 744; x_wconf 88' lang='grc' dir='ltr'><strong><em>τοῦ</em></strong></span> <span class='ocrx_word' id='word_1_43' title='bbox 634 693 693 743; x_wconf 90' lang='lat' dir='ltr'><strong><em>K</em></strong></span> <span class='ocrx_word' id='word_1_44' title='bbox 739 691 878 762; x_wconf 91' lang='grc' dir='ltr'><strong><em>πρὸς</em></strong></span> <span class='ocrx_word' id='word_1_45' title='bbox 922 691 1100 762; x_wconf 89' lang='grc' dir='ltr'><strong><em>ὀρθὰς</em></strong></span> <span class='ocrx_word' id='word_1_46' title='bbox 1143 698 1210 760; x_wconf 76' lang='grc' dir='ltr'><strong><em>τῇ</em></strong></span> <span class='ocrx_word' id='word_1_47' title='bbox 1253 693 1362 743; x_wconf 94' lang='grc' dir='ltr'><strong><em>ΚΒ</em></strong></span> <span class='ocrx_word' id='word_1_48' title='bbox 1409 690 1443 759; x_wconf 83' lang='grc' dir='ltr'><em>ἡ</em></span> <span class='ocrx_word' id='word_1_49' title='bbox 1483 694 1618 760; x_wconf 88' lang='lat' dir='ltr'><strong><em>NA,</em></strong></span> <span class='ocrx_word' id='word_1_50' title='bbox 1670 689 1794 760; x_wconf 86' lang='grc' dir='ltr'><strong><em>περὶ</em></strong></span> <span class='ocrx_word' id='word_1_51' title='bbox 1843 687 1904 744; x_wconf 81' lang='grc' dir='ltr'><strong><em>δὲ</em></strong></span> 
     </span>
     <span class='ocr_line' id='line_1_8' title="bbox 214 778 1904 851; baseline -0.001 -17"><span class='ocrx_word' id='word_1_52' title='bbox 214 782 316 850; x_wconf 84' lang='grc' dir='ltr'><strong><em>τὴν</em></strong></span> <span class='ocrx_word' id='word_1_53' title='bbox 356 783 465 834; x_wconf 91' lang='grc' dir='ltr'><strong><em>ΚΒ</em></strong></span> <span class='ocrx_word' id='word_1_54' title='bbox 505 781 705 843; x_wconf 81' lang='grc' dir='ltr'><strong><em>κύκλος</em></strong></span> <span class='ocrx_word' id='word_1_55' title='bbox 742 780 1063 851; x_wconf 77' lang='grc' dir='ltr'><em>γεγράφθω,</em></span> <span class='ocrx_word' id='word_1_56' title='bbox 1101 778 1193 832; x_wconf 90' lang='grc' dir='ltr'><strong><em>καὶ</em></strong></span> <span class='ocrx_word' id='word_1_57' title='bbox 1233 779 1647 849; x_wconf 82' lang='grc' dir='ltr'><strong><em>ἐπεζεύχθωσαν</em></strong></span> <span class='ocrx_word' id='word_1_58' title='bbox 1686 781 1747 832; x_wconf 76' lang='grc' dir='ltr'><strong><em>αἱ</em></strong></span> <span class='ocrx_word' id='word_1_59' title='bbox 1780 783 1904 849; x_wconf 91' lang='grc' dir='ltr'><strong><em>ΒΖ,</em></strong></span> 
     </span>
     <span class='ocr_line' id='line_1_9' title="bbox 218 867 1904 940; baseline -0.001 -18"><span class='ocrx_word' id='word_1_60' title='bbox 218 872 342 938; x_wconf 91' lang='grc' dir='ltr'><strong><em>ΖΚ,</em></strong></span> <span class='ocrx_word' id='word_1_61' title='bbox 374 872 494 938; x_wconf 88' lang='grc' dir='ltr'><strong><em>ΒΔ,</em></strong></span> <span class='ocrx_word' id='word_1_62' title='bbox 524 871 655 922; x_wconf 89' lang='grc' dir='ltr'><strong><em>ΔΚ.</em></strong></span> <span class='ocrx_word' id='word_1_63' title='bbox 718 868 926 922; x_wconf 84' lang='grc' dir='ltr'><strong><em>οὐκοῦν</em></strong></span> <span class='ocrx_word' id='word_1_64' title='bbox 964 867 1140 940; x_wconf 90' lang='grc' dir='ltr'><strong><em>ὀρθαί</em></strong></span> <span class='ocrx_word' id='word_1_65' title='bbox 1174 870 1315 921; x_wconf 84' lang='grc' dir='ltr'><strong><em>εἰσιν</em></strong></span> <span class='ocrx_word' id='word_1_66' title='bbox 1354 869 1416 921; x_wconf 80' lang='grc' dir='ltr'><strong><em>αἱ</em></strong></span> <span class='ocrx_word' id='word_1_67' title='bbox 1445 869 1584 939; x_wconf 85' lang='grc' dir='ltr'><strong><em>πρὸς</em></strong></span> <span class='ocrx_word' id='word_1_68' title='bbox 1614 878 1729 932; x_wconf 85' lang='grc' dir='ltr'><strong><em>τοῖς</em></strong></span> <span class='ocrx_word' id='word_1_69' title='bbox 1763 872 1824 936; x_wconf 92' lang='grc' dir='ltr'><strong><em>Ζ,</em></strong></span> <span class='ocrx_word' id='word_1_70' title='bbox 1849 870 1904 936; x_wconf 67' lang='grc' dir='ltr'><em>Δ</em></span> 
     </span>
     <span class='ocr_line' id='line_1_10' title="bbox 216 937 1904 1035; baseline -0.001 -24"><span class='ocrx_word' id='word_1_71' title='bbox 216 960 437 1026; x_wconf 79' lang='grc' dir='ltr'><strong><em>γωνίαι·</em></strong></span> <span class='ocrx_word' id='word_1_72' title='bbox 490 955 621 1011; x_wconf 88' lang='grc' dir='ltr'><strong><em>καθ’</em></strong></span> <span class='ocrx_word' id='word_1_73' title='bbox 664 958 725 1011; x_wconf 76' lang='grc' dir='ltr'><strong><em>ἓν</em></strong></span> <span class='ocrx_word' id='word_1_74' title='bbox 771 958 878 1028; x_wconf 77' lang='grc' dir='ltr'><strong><em>ἄρα</em></strong></span> <span class='ocrx_word' id='word_1_75' title='bbox 918 956 1253 1027; x_wconf 79' lang='grc' dir='ltr'><strong><em>ἐφάπτονται</em></strong></span> <span class='ocrx_word' id='word_1_76' title='bbox 1293 958 1354 1011; x_wconf 74' lang='grc' dir='ltr'><strong><em>αἱ</em></strong></span> <span class='ocrx_word' id='word_1_77' title='bbox 1387 960 1509 1026; x_wconf 91' lang='grc' dir='ltr'><strong><em>ΒΛ,</em></strong></span> <span class='ocrx_word' id='word_1_78' title='bbox 1541 961 1671 1026; x_wconf 91' lang='grc' dir='ltr'><strong><em>ΒΖ,</em></strong></span> <span class='ocrx_word' id='word_1_79' title='bbox 1716 955 1807 1010; x_wconf 85' lang='grc' dir='ltr'><strong><em>καὶ</em></strong></span> <span class='ocrx_word' id='word_1_80' title='bbox 1847 937 1904 1035; x_wconf 39' lang='grc' dir='ltr'><strong><em>αἶ.</em></strong></span> 
     </span>
     <span class='ocr_line' id='line_1_11' title="bbox 133 1046 1904 1117; baseline -0.001 -17"><span class='ocrx_word' id='word_1_81' title='bbox 133 1061 186 1100; x_wconf 90' lang='grc'><strong><em>10</em></strong></span> <span class='ocrx_word' id='word_1_82' title='bbox 217 1066 278 1116; x_wconf 91' lang='grc' dir='ltr'><strong><em>γε</em></strong></span> <span class='ocrx_word' id='word_1_83' title='bbox 318 1046 424 1100; x_wconf 81' lang='grc' dir='ltr'><strong><em>ἀπὸ</em></strong></span> <span class='ocrx_word' id='word_1_84' title='bbox 463 1053 563 1100; x_wconf 88' lang='grc' dir='ltr'><strong><em>τοῦ</em></strong></span> <span class='ocrx_word' id='word_1_85' title='bbox 603 1049 842 1117; x_wconf 79' lang='grc' dir='ltr'><strong><em>ὄμματος</em></strong></span> <span class='ocrx_word' id='word_1_86' title='bbox 889 1046 1103 1109; x_wconf 82' lang='grc' dir='ltr'><strong><em>ἀκτῖνες</em></strong></span> <span class='ocrx_word' id='word_1_87' title='bbox 1146 1049 1588 1116; x_wconf 80' lang='grc' dir='ltr'><strong><em>προσπίπτουσαι</em></strong></span> <span class='ocrx_word' id='word_1_88' title='bbox 1634 1047 1770 1099; x_wconf 87' lang='grc' dir='ltr'><strong><em>κατὰ</em></strong></span> <span class='ocrx_word' id='word_1_89' title='bbox 1808 1046 1904 1109; x_wconf 72' lang='grc' dir='ltr'><strong><em>τὰς’</em></strong></span> 
     </span>
     <span class='ocr_line' id='line_1_12' title="bbox 217 1113 1904 1211; baseline -0.001 -22"><span class='ocrx_word' id='word_1_90' title='bbox 217 1139 345 1204; x_wconf 90' lang='grc' dir='ltr'><strong><em>ΒΔ,</em></strong></span> <span class='ocrx_word' id='word_1_91' title='bbox 386 1139 492 1189; x_wconf 92' lang='grc' dir='ltr'><strong><em>ΒΖ</em></strong></span> <span class='ocrx_word' id='word_1_92' title='bbox 546 1143 861 1189; x_wconf 90' lang='grc' dir='ltr'><strong><em>πεσοῦνται.</em></strong></span> <span class='ocrx_word' id='word_1_93' title='bbox 963 1138 1114 1189; x_wconf 80' lang='grc' dir='ltr'><strong><em>ἔσται</em></strong></span> <span class='ocrx_word' id='word_1_94' title='bbox 1169 1136 1237 1205; x_wconf 85' lang='grc' dir='ltr'><strong><em>δὴ</em></strong></span> <span class='ocrx_word' id='word_1_95' title='bbox 1292 1134 1576 1206; x_wconf 87' lang='grc' dir='ltr'><strong><em>ὁρώμενον</em></strong></span> <span class='ocrx_word' id='word_1_96' title='bbox 1628 1137 1689 1189; x_wconf 93' lang='grc' dir='ltr'><strong><em>τὸ</em></strong></span> <span class='ocrx_word' id='word_1_97' title='bbox 1747 1113 1904 1211; x_wconf 61' lang='grc' dir='ltr'><strong><em>ΖΡᾸ</em></strong></span> 
     </span>
     <span class='ocr_line' id='line_1_13' title="bbox 218 1220 1904 1303; baseline -0.001 -25"><span class='ocrx_word' id='word_1_98' title='bbox 218 1228 452 1279; x_wconf 82' lang='grc' dir='ltr'><strong><em>ἔλασσον</em></strong></span> <span class='ocrx_word' id='word_1_99' title='bbox 483 1225 548 1279; x_wconf 88' lang='grc' dir='ltr'><strong><em>ὂν</em></strong></span> <span class='ocrx_word' id='word_1_100' title='bbox 579 1233 678 1278; x_wconf 88' lang='grc' dir='ltr'><strong><em>τοῦ</em></strong></span> <span class='ocrx_word' id='word_1_101' title='bbox 702 1229 766 1279; x_wconf 93' lang='grc' dir='ltr'><strong><em>Ν</em></strong></span> <span class='ocrx_word' id='word_1_102' title='bbox 770 1228 879 1278; x_wconf 91' lang='grc' dir='ltr'><strong><em>ΡΛ.</em></strong></span> <span class='ocrx_word' id='word_1_103' title='bbox 935 1224 1073 1278; x_wconf 82' lang='grc' dir='ltr'><strong><em>ἀλλὰ</em></strong></span> <span class='ocrx_word' id='word_1_104' title='bbox 1104 1226 1166 1278; x_wconf 92' lang='grc' dir='ltr'><strong><em>τὸ</em></strong></span> <span class='ocrx_word' id='word_1_105' title='bbox 1189 1229 1254 1278; x_wconf 95' lang='grc' dir='ltr'><strong><em>Ν</em></strong></span> <span class='ocrx_word' id='word_1_106' title='bbox 1257 1228 1353 1277; x_wconf 91' lang='grc' dir='ltr'><strong><em>ΡΛ</em></strong></span> <span class='ocrx_word' id='word_1_107' title='bbox 1383 1225 1708 1294; x_wconf 81' lang='grc' dir='ltr'><strong><em>ἡμικύκλιόν</em></strong></span> <span class='ocrx_word' id='word_1_108' title='bbox 1732 1220 1904 1303; x_wconf 54' lang='grc' dir='ltr'><strong><em>ἐστινζῖ</em></strong></span> 
     </span>
     <span class='ocr_line' id='line_1_14' title="bbox 217 1311 1872 1386; baseline -0.001 -18"><span class='ocrx_word' id='word_1_109' title='bbox 217 1316 278 1368; x_wconf 92' lang='grc' dir='ltr'><strong><em>τὸ</em></strong></span> <span class='ocrx_word' id='word_1_110' title='bbox 319 1316 426 1386; x_wconf 76' lang='grc' dir='ltr'><strong><em>ἄρα</em></strong></span> <span class='ocrx_word' id='word_1_111' title='bbox 466 1318 626 1367; x_wconf 91' lang='grc' dir='ltr'><strong><em>ΖΡΔ</em></strong></span> <span class='ocrx_word' id='word_1_112' title='bbox 665 1316 898 1368; x_wconf 83' lang='grc' dir='ltr'><strong><em>ἔλασσόν</em></strong></span> <span class='ocrx_word' id='word_1_113' title='bbox 938 1313 1087 1368; x_wconf 84' lang='grc' dir='ltr'><strong><em>ἐστιν</em></strong></span> <span class='ocrx_word' id='word_1_114' title='bbox 1124 1313 1469 1384; x_wconf 84' lang='grc' dir='ltr'><strong><em>ἡμικυκλίου.</em></strong></span> <span class='ocrx_word' id='word_1_115' title='bbox 1538 1314 1675 1367; x_wconf 82' lang='grc' dir='ltr'><strong><em>ὥστε</em></strong></span> <span class='ocrx_word' id='word_1_116' title='bbox 1712 1311 1804 1366; x_wconf 91' lang='grc' dir='ltr'><strong><em>καὶ</em></strong></span> <span class='ocrx_word' id='word_1_117' title='bbox 1842 1331 1872 1365; x_wconf 90' lang='grc' dir='ltr'><strong><em>τ</em></strong></span> 
     </span>
     <span class='ocr_line' id='line_1_15' title="bbox 219 1310 1904 1494; baseline -0.001 -37"><span class='ocrx_word' id='word_1_118' title='bbox 219 1403 500 1474; x_wconf 88' lang='grc' dir='ltr'><strong><em>ὁρώμενον</em></strong></span> <span class='ocrx_word' id='word_1_119' title='bbox 540 1411 640 1457; x_wconf 90' lang='grc' dir='ltr'><strong><em>τοῦ</em></strong></span> <span class='ocrx_word' id='word_1_120' title='bbox 670 1405 854 1457; x_wconf 85' lang='grc' dir='ltr'><strong><em>κώνου</em></strong></span> <span class='ocrx_word' id='word_1_121' title='bbox 895 1405 1129 1457; x_wconf 80' lang='grc' dir='ltr'><strong><em>ἔλασσόν</em></strong></span> <span class='ocrx_word' id='word_1_122' title='bbox 1160 1402 1310 1457; x_wconf 81' lang='grc' dir='ltr'><strong><em>ἐστιν</em></strong></span> <span class='ocrx_word' id='word_1_123' title='bbox 1340 1402 1667 1473; x_wconf 85' lang='grc' dir='ltr'><strong><em>ἡμικωνίου·</em></strong></span> <span class='ocrx_word' id='word_1_124' title='bbox 1706 1310 1904 1494; x_wconf 56' lang='grc' dir='ltr'><strong><em>ὁμοίωἸ</em></strong></span> 
     </span>
     <span class='ocr_line' id='line_1_16' title="bbox 132 1491 1904 1563; baseline 0.001 -18"><span class='ocrx_word' id='word_1_125' title='bbox 132 1507 186 1547; x_wconf 83' lang='lat'><strong><em>15</em></strong></span> <span class='ocrx_word' id='word_1_126' title='bbox 218 1493 323 1563; x_wconf 83' lang='grc' dir='ltr'><strong><em>γὰρ</em></strong></span> <span class='ocrx_word' id='word_1_127' title='bbox 362 1491 453 1546; x_wconf 87' lang='grc' dir='ltr'><strong><em>καὶ</em></strong></span> <span class='ocrx_word' id='word_1_128' title='bbox 493 1491 581 1546; x_wconf 81' lang='grc' dir='ltr'><strong><em>ἐπὶ</em></strong></span> <span class='ocrx_word' id='word_1_129' title='bbox 619 1502 731 1546; x_wconf 84' lang='grc' dir='ltr'><strong><em>τῶν</em></strong></span> <span class='ocrx_word' id='word_1_130' title='bbox 762 1497 972 1546; x_wconf 85' lang='grc' dir='ltr'><strong><em>λοιπῶν</em></strong></span> <span class='ocrx_word' id='word_1_131' title='bbox 1002 1493 1220 1546; x_wconf 89' lang='grc' dir='ltr'><strong><em>κύκλων</em></strong></span> <span class='ocrx_word' id='word_1_132' title='bbox 1258 1501 1371 1545; x_wconf 82' lang='grc' dir='ltr'><strong><em>τῶν</em></strong></span> <span class='ocrx_word' id='word_1_133' title='bbox 1403 1492 1463 1546; x_wconf 84' lang='grc' dir='ltr'><strong><em>ἐν</em></strong></span> <span class='ocrx_word' id='word_1_134' title='bbox 1494 1500 1559 1562; x_wconf 82' lang='grc' dir='ltr'><strong><em>τῇ</em></strong></span> <span class='ocrx_word' id='word_1_135' title='bbox 1591 1498 1690 1544; x_wconf 87' lang='grc' dir='ltr'><strong><em>τοῦ</em></strong></span> <span class='ocrx_word' id='word_1_136' title='bbox 1721 1491 1904 1548; x_wconf 62' lang='grc' dir='ltr'><strong><em>κώνου</em></strong></span> 
     </span>
     <span class='ocr_line' id='line_1_17' title="bbox 219 1549 1904 1704; baseline -0.002 -69"><span class='ocrx_word' id='word_1_137' title='bbox 219 1581 510 1653; x_wconf 78' lang='grc' dir='ltr'><strong><em>ἐπιφανείᾳ</em></strong></span> <span class='ocrx_word' id='word_1_138' title='bbox 549 1579 811 1651; x_wconf 81' lang='grc' dir='ltr'><strong><em>δείξομεν.</em></strong></span> <span class='ocrx_word' id='word_1_139' title='bbox 1887 1549 1904 1704; x_wconf 62' lang='grc' dir='ltr'>ἐ</span> 
     </span>
     <span class='ocr_line' id='line_1_18' title="bbox 1010 1700 1904 1790; baseline 0 -23"><span class='ocrx_word' id='word_1_140' title='bbox 1010 1712 1115 1767; x_wconf 85' lang='grc' dir='ltr'><strong><em>λα’.</em></strong></span> <span class='ocrx_word' id='word_1_141' title='bbox 1884 1700 1904 1790; x_wconf 60' lang='lat'><strong><em>¹.</em></strong></span> 
     </span>
     <span class='ocr_line' id='line_1_19' title="bbox 306 1776 1904 1891; baseline 0 -21"><span class='ocrx_word' id='word_1_142' title='bbox 306 1821 449 1871; x_wconf 83' lang='grc' dir='ltr'><strong><em>,Τοῦ</em></strong></span> <span class='ocrx_word' id='word_1_143' title='bbox 496 1815 557 1871; x_wconf 76' lang='grc' dir='ltr'><strong><em>δὲ</em></strong></span> <span class='ocrx_word' id='word_1_144' title='bbox 596 1820 835 1888; x_wconf 80' lang='grc' dir='ltr'><strong><em>ὄμματος</em></strong></span> <span class='ocrx_word' id='word_1_145' title='bbox 881 1820 1068 1886; x_wconf 79' lang='grc' dir='ltr'><strong><em>ἔγγιον</em></strong></span> <span class='ocrx_word' id='word_1_146' title='bbox 1105 1816 1497 1888; x_wconf 80' lang='grc' dir='ltr'><strong><em>μετατεθέντος</em></strong></span> <span class='ocrx_word' id='word_1_147' title='bbox 1543 1817 1604 1872; x_wconf 81' lang='grc' dir='ltr'><strong><em>ἐν</em></strong></span> <span class='ocrx_word' id='word_1_148' title='bbox 1640 1825 1716 1890; x_wconf 79' lang='grc' dir='ltr'><strong><em>τῷ</em></strong></span> <span class='ocrx_word' id='word_1_149' title='bbox 1756 1776 1904 1891; x_wconf 50' lang='grc' dir='ltr'><strong><em>αὖτέ</em></strong></span> 
     </span>
     <span class='ocr_line' id='line_1_20' title="bbox 220 1900 1902 1979; baseline 0 -19"><span class='ocrx_word' id='word_1_150' title='bbox 220 1904 455 1979; x_wconf 77' lang='grc' dir='ltr'><strong><em>ἐπιπέδῳ</em></strong></span> <span class='ocrx_word' id='word_1_151' title='bbox 503 1909 736 1960; x_wconf 84' lang='grc' dir='ltr'><strong><em>ἔλασσον</em></strong></span> <span class='ocrx_word' id='word_1_152' title='bbox 781 1905 882 1977; x_wconf 77' lang='grc' dir='ltr'><strong><em>μὲν</em></strong></span> <span class='ocrx_word' id='word_1_153' title='bbox 929 1909 1080 1960; x_wconf 86' lang='grc' dir='ltr'><strong><em>ἔσται</em></strong></span> <span class='ocrx_word' id='word_1_154' title='bbox 1126 1908 1187 1961; x_wconf 93' lang='grc' dir='ltr'><strong><em>τὸ</em></strong></span> <span class='ocrx_word' id='word_1_155' title='bbox 1229 1907 1338 1960; x_wconf 85' lang='grc' dir='ltr'><strong><em>ὑπὸ</em></strong></span> <span class='ocrx_word' id='word_1_156' title='bbox 1377 1916 1489 1961; x_wconf 85' lang='grc' dir='ltr'><strong><em>τῶν</em></strong></span> <span class='ocrx_word' id='word_1_157' title='bbox 1528 1909 1710 1971; x_wconf 82' lang='grc' dir='ltr'><strong><em>ὄψεων</em></strong></span> <span class='ocrx_word' id='word_1_158' title='bbox 1755 1900 1902 1978; x_wconf 56' lang='grc' dir='ltr'><strong><em>περιέ</em></strong></span> 
     </span>
     <span class='ocr_line' id='line_1_21' title="bbox 131 1973 1899 2068; baseline -0.001 -18"><span class='ocrx_word' id='word_1_159' title='bbox 131 2008 190 2051; x_wconf 81' lang='lat'><strong><em>20</em></strong></span> <span class='ocrx_word' id='word_1_160' title='bbox 220 1998 637 2066; x_wconf 85' lang='grc' dir='ltr'><strong><em>λαμβανόμενον</em></strong></span> <span class='ocrx_word' id='word_1_161' title='bbox 673 1994 854 2067; x_wconf 89' lang='grc' dir='ltr'><strong><em>μέρος,</em></strong></span> <span class='ocrx_word' id='word_1_162' title='bbox 894 1996 1039 2061; x_wconf 85' lang='grc' dir='ltr'><strong><em>δόξει</em></strong></span> <span class='ocrx_word' id='word_1_163' title='bbox 1079 1993 1140 2049; x_wconf 76' lang='grc' dir='ltr'><strong><em>δὲ</em></strong></span> <span class='ocrx_word' id='word_1_164' title='bbox 1178 1999 1362 2066; x_wconf 83' lang='grc' dir='ltr'><strong><em>μεῖζον</em></strong></span> <span class='ocrx_word' id='word_1_165' title='bbox 1401 1996 1660 2068; x_wconf 86' lang='grc' dir='ltr'><strong><em>ὁρᾶσθαι.</em></strong></span> <span class='ocrx_word' id='word_1_166' title='bbox 1879 1973 1899 2056; x_wconf 44' lang='lat'><strong><em>⁴4¹⁷</em></strong></span> 
     </span>
     <span class='ocr_line' id='line_1_22' title="bbox 330 2059 1901 2157; baseline 0 -19"><span class='ocrx_word' id='word_1_167' title='bbox 330 2087 466 2138; x_wconf 83' lang='grc' dir='ltr'><strong><em>ἔστω</em></strong></span> <span class='ocrx_word' id='word_1_168' title='bbox 513 2086 619 2156; x_wconf 86' lang='grc' dir='ltr'><strong><em>γὰρ</em></strong></span> <span class='ocrx_word' id='word_1_169' title='bbox 666 2086 850 2139; x_wconf 87' lang='grc' dir='ltr'><strong><em>κώνου</em></strong></span> <span class='ocrx_word' id='word_1_170' title='bbox 896 2086 1057 2155; x_wconf 76' lang='grc' dir='ltr'><strong><em>βάσις</em></strong></span> <span class='ocrx_word' id='word_1_171' title='bbox 1100 2087 1325 2156; x_wconf 90' lang='grc' dir='ltr'><strong><em>κύκλος,</em></strong></span> <span class='ocrx_word' id='word_1_172' title='bbox 1379 2082 1446 2140; x_wconf 85' lang='grc' dir='ltr'><strong><em>οὗ</em></strong></span> <span class='ocrx_word' id='word_1_173' title='bbox 1492 2084 1722 2157; x_wconf 92' lang='grc' dir='ltr'><strong><em>κέντρον</em></strong></span> <span class='ocrx_word' id='word_1_174' title='bbox 1768 2059 1901 2156; x_wconf 49' lang='grc' dir='ltr'><strong><em>ἔστιὸ</em></strong></span> 
     </span>
     <span class='ocr_line' id='line_1_23' title="bbox 218 2158 1904 2244; baseline -0.001 -17"><span class='ocrx_word' id='word_1_175' title='bbox 218 2175 280 2228; x_wconf 92' lang='grc' dir='ltr'><strong><em>τὸ</em></strong></span> <span class='ocrx_word' id='word_1_176' title='bbox 320 2177 397 2243; x_wconf 90' lang='grc' dir='ltr'><strong><em>Κ,</em></strong></span> <span class='ocrx_word' id='word_1_177' title='bbox 436 2172 582 2244; x_wconf 88' lang='grc' dir='ltr'><strong><em>ὄμμα</em></strong></span> <span class='ocrx_word' id='word_1_178' title='bbox 621 2172 682 2227; x_wconf 75' lang='grc' dir='ltr'><strong><em>δὲ</em></strong></span> <span class='ocrx_word' id='word_1_179' title='bbox 721 2177 856 2228; x_wconf 83' lang='grc' dir='ltr'><strong><em>ἔστω</em></strong></span> <span class='ocrx_word' id='word_1_180' title='bbox 895 2176 956 2228; x_wconf 91' lang='grc' dir='ltr'><strong><em>τὸ</em></strong></span> <span class='ocrx_word' id='word_1_181' title='bbox 996 2180 1074 2244; x_wconf 92' lang='grc' dir='ltr'><strong><em>Α,</em></strong></span> <span class='ocrx_word' id='word_1_182' title='bbox 1119 2173 1212 2228; x_wconf 87' lang='grc' dir='ltr'><strong><em>καὶ</em></strong></span> <span class='ocrx_word' id='word_1_183' title='bbox 1250 2174 1356 2228; x_wconf 85' lang='grc' dir='ltr'><strong><em>ἀπὸ</em></strong></span> <span class='ocrx_word' id='word_1_184' title='bbox 1396 2181 1495 2228; x_wconf 92' lang='grc' dir='ltr'><strong><em>τοῦ</em></strong></span> <span class='ocrx_word' id='word_1_185' title='bbox 1534 2179 1588 2227; x_wconf 92' lang='grc' dir='ltr'><em>Α</em></span> <span class='ocrx_word' id='word_1_186' title='bbox 1627 2172 1714 2227; x_wconf 85' lang='grc' dir='ltr'><strong><em>ἐπὶ</em></strong></span> <span class='ocrx_word' id='word_1_187' title='bbox 1751 2174 1812 2227; x_wconf 93' lang='grc' dir='ltr'><strong><em>τὸ</em></strong></span> <span class='ocrx_word' id='word_1_188' title='bbox 1851 2158 1904 2234; x_wconf 63' lang='grc' dir='ltr'><strong><em>Κ</em></strong></span> 
     </span>
     <span class='ocr_line' id='line_1_24' title="bbox 220 2250 1904 2337; baseline -0.001 -20"><span class='ocrx_word' id='word_1_189' title='bbox 220 2263 525 2333; x_wconf 80' lang='grc' dir='ltr'><strong><em>ἐπεζεύχθω</em></strong></span> <span class='ocrx_word' id='word_1_190' title='bbox 557 2262 591 2332; x_wconf 82' lang='grc' dir='ltr'><em>ἡ</em></span> <span class='ocrx_word' id='word_1_191' title='bbox 615 2267 669 2317; x_wconf 92' lang='grc' dir='ltr'><em>Α</em></span> <span class='ocrx_word' id='word_1_192' title='bbox 678 2267 746 2333; x_wconf 91' lang='grc' dir='ltr'><strong><em>Κ,</em></strong></span> <span class='ocrx_word' id='word_1_193' title='bbox 777 2262 869 2318; x_wconf 85' lang='grc' dir='ltr'><strong><em>καὶ</em></strong></span> <span class='ocrx_word' id='word_1_194' title='bbox 891 2266 1030 2336; x_wconf 90' lang='grc' dir='ltr'><strong><em>πρὸς</em></strong></span> <span class='ocrx_word' id='word_1_195' title='bbox 1053 2264 1231 2337; x_wconf 81' lang='grc' dir='ltr'><strong><em>ὀρθὰς</em></strong></span> <span class='ocrx_word' id='word_1_196' title='bbox 1261 2264 1399 2334; x_wconf 79' lang='grc' dir='ltr'><strong><em>αὐτῇ</em></strong></span> <span class='ocrx_word' id='word_1_197' title='bbox 1430 2265 1587 2333; x_wconf 74' lang='grc' dir='ltr'><strong><em>ἤχθω</em></strong></span> <span class='ocrx_word' id='word_1_198' title='bbox 1614 2263 1707 2316; x_wconf 77' lang='grc' dir='ltr'><strong><em>διὰ</em></strong></span> <span class='ocrx_word' id='word_1_199' title='bbox 1729 2269 1828 2316; x_wconf 89' lang='grc' dir='ltr'><strong><em>τοῦ</em></strong></span> <span class='ocrx_word' id='word_1_200' title='bbox 1852 2250 1904 2324; x_wconf 64' lang='lat'><em>1</em></span> 
     </span>
     <span class='ocr_line' id='line_1_25' title="bbox 219 2350 1904 2424; baseline -0.001 -18"><span class='ocrx_word' id='word_1_201' title='bbox 219 2351 253 2421; x_wconf 85' lang='grc' dir='ltr'><em>ἡ</em></span> <span class='ocrx_word' id='word_1_202' title='bbox 295 2355 474 2421; x_wconf 90' lang='grc' dir='ltr'><strong><em>ΓΚΒ,</em></strong></span> <span class='ocrx_word' id='word_1_203' title='bbox 513 2352 816 2423; x_wconf 78' lang='grc' dir='ltr'><strong><em>γεγράφθω</em></strong></span> <span class='ocrx_word' id='word_1_204' title='bbox 856 2351 918 2407; x_wconf 75' lang='grc' dir='ltr'><strong><em>δὲ</em></strong></span> <span class='ocrx_word' id='word_1_205' title='bbox 955 2351 1080 2424; x_wconf 87' lang='grc' dir='ltr'><strong><em>περὶ</em></strong></span> <span class='ocrx_word' id='word_1_206' title='bbox 1117 2354 1220 2423; x_wconf 81' lang='grc' dir='ltr'><strong><em>τὴν</em></strong></span> <span class='ocrx_word' id='word_1_207' title='bbox 1259 2357 1313 2406; x_wconf 90' lang='grc' dir='ltr'><em>Α</em></span> <span class='ocrx_word' id='word_1_208' title='bbox 1322 2356 1380 2405; x_wconf 90' lang='grc' dir='ltr'><strong><em>Κ</em></strong></span> <span class='ocrx_word' id='word_1_209' title='bbox 1412 2353 1628 2422; x_wconf 89' lang='grc' dir='ltr'><strong><em>κύκλος,</em></strong></span> <span class='ocrx_word' id='word_1_210' title='bbox 1665 2350 1758 2405; x_wconf 89' lang='grc' dir='ltr'><strong><em>καὶ</em></strong></span> <span class='ocrx_word' id='word_1_211' title='bbox 1789 2350 1904 2410; x_wconf 47' lang='grc' dir='ltr'><strong><em>ε’πεὲ</em></strong></span> 
     </span>
    </p>
   </div>
   <div class='ocr_carea' id='block_1_3' title="bbox 132 2420 1904 2825">
    <p class='ocr_par' dir='ltr' id='par_1_5' title="bbox 132 2420 1904 2542">
     <span class='ocr_line' id='line_1_26' title="bbox 132 2420 1904 2542; baseline -0.001 -46"><span class='ocrx_word' id='word_1_212' title='bbox 132 2454 188 2495; x_wconf 80' lang='lat'><strong><em>25</em></strong></span> <span class='ocrx_word' id='word_1_213' title='bbox 223 2443 542 2511; x_wconf 83' lang='grc' dir='ltr'><strong><em>ζεύχθωσαν</em></strong></span> <span class='ocrx_word' id='word_1_214' title='bbox 595 2443 657 2495; x_wconf 61' lang='grc' dir='ltr'><strong><em>αι’</em></strong></span> <span class='ocrx_word' id='word_1_215' title='bbox 699 2446 833 2510; x_wconf 93' lang='grc' dir='ltr'><strong><em>ΑΖ,</em></strong></span> <span class='ocrx_word' id='word_1_216' title='bbox 876 2445 1006 2511; x_wconf 89' lang='grc' dir='ltr'><strong><em>ΖΚ,</em></strong></span> <span class='ocrx_word' id='word_1_217' title='bbox 1046 2447 1186 2511; x_wconf 88' lang='grc' dir='ltr'><strong><em>ΑΛ,</em></strong></span> <span class='ocrx_word' id='word_1_218' title='bbox 1226 2445 1356 2495; x_wconf 87' lang='grc' dir='ltr'><strong><em>ΔΚ.</em></strong></span> <span class='ocrx_word' id='word_1_219' title='bbox 1441 2443 1780 2511; x_wconf 85' lang='grc' dir='ltr'><strong><em>μετακείσθω</em></strong></span> <span class='ocrx_word' id='word_1_220' title='bbox 1835 2420 1904 2542; x_wconf 40' lang='lat' dir='ltr'><em>Q</em></span> 
     </span>
    </p>

    <p class='ocr_par' dir='ltr' id='par_1_6' title="bbox 340 2560 1904 2647">
     <span class='ocr_line' id='line_1_27' title="bbox 340 2560 1904 2647; baseline 0.001 -15"><span class='ocrx_word' id='word_1_221' title='bbox 340 2592 380 2634; x_wconf 89' lang='grc'><strong><em>8.</em></strong></span> <span class='ocrx_word' id='word_1_222' title='bbox 414 2590 474 2647; x_wconf 89' lang='grc' dir='ltr'><strong><em>Δ]</em></strong></span> <span class='ocrx_word' id='word_1_223' title='bbox 507 2593 550 2633; x_wconf 89' lang='grc' dir='ltr'><em>Δ</em></span> <span class='ocrx_word' id='word_1_224' title='bbox 582 2589 643 2640; x_wconf 85' lang='grc' dir='ltr'><strong><em>ὡς</em></strong></span> <span class='ocrx_word' id='word_1_225' title='bbox 672 2587 928 2644; x_wconf 83' lang='grc' dir='ltr'><strong><em>ἡμικύκλου</em></strong></span> <span class='ocrx_word' id='word_1_226' title='bbox 960 2602 1003 2633; x_wconf 82' lang='lat' dir='ltr'><strong>v.</strong></span> <span class='ocrx_word' id='word_1_227' title='bbox 1127 2592 1166 2633; x_wconf 88' lang='lat'><strong><em>9.</em></strong></span> <span class='ocrx_word' id='word_1_228' title='bbox 1203 2589 1306 2647; x_wconf 92' lang='lat' dir='ltr'><strong><em>BZ]</em></strong></span> <span class='ocrx_word' id='word_1_229' title='bbox 1340 2601 1453 2632; x_wconf 84' lang='lat' dir='ltr'><strong>corr.</strong></span> <span class='ocrx_word' id='word_1_230' title='bbox 1488 2600 1545 2631; x_wconf 86' lang='lat' dir='ltr'><strong><em>ex</em></strong></span> <span class='ocrx_word' id='word_1_231' title='bbox 1575 2590 1666 2631; x_wconf 84' lang='lat' dir='ltr'><strong><em>AZ</em></strong></span> <span class='ocrx_word' id='word_1_232' title='bbox 1695 2602 1755 2631; x_wconf 90' lang='lat' dir='ltr'><strong>m.</strong></span> <span class='ocrx_word' id='word_1_233' title='bbox 1791 2591 1814 2630; x_wconf 89' lang='lat'><strong>1</strong></span> <span class='ocrx_word' id='word_1_234' title='bbox 1846 2560 1904 2634; x_wconf 20' lang='lat' dir='ltr'><strong><em>V}</em></strong></span> 
     </span>
    </p>

    <p class='ocr_par' dir='ltr' id='par_1_7' title="bbox 224 2646 1899 2766">
     <span class='ocr_line' id='line_1_28' title="bbox 282 2646 1899 2706; baseline 0.001 -15"><span class='ocrx_word' id='word_1_235' title='bbox 282 2652 350 2693; x_wconf 88' lang='lat'><strong>10.</strong></span> <span class='ocrx_word' id='word_1_236' title='bbox 383 2648 497 2692; x_wconf 76' lang='lat' dir='ltr'>Post</span> <span class='ocrx_word' id='word_1_237' title='bbox 526 2654 609 2692; x_wconf 86' lang='grc' dir='ltr'><strong><em>τοῦ</em></strong></span> <span class='ocrx_word' id='word_1_238' title='bbox 641 2646 727 2692; x_wconf 80' lang='lat' dir='ltr'><strong>inS.</strong></span> <span class='ocrx_word' id='word_1_239' title='bbox 762 2651 797 2690; x_wconf 94' lang='grc' dir='ltr'><strong><em>Β</em></strong></span> <span class='ocrx_word' id='word_1_240' title='bbox 833 2662 893 2691; x_wconf 91' lang='lat' dir='ltr'><strong>m.</strong></span> <span class='ocrx_word' id='word_1_241' title='bbox 926 2661 1017 2692; x_wconf 85' lang='lat' dir='ltr'><strong>rec.</strong></span> <span class='ocrx_word' id='word_1_242' title='bbox 1048 2646 1104 2693; x_wconf 91' lang='lat' dir='ltr'><strong><em>V.</em></strong></span> <span class='ocrx_word' id='word_1_243' title='bbox 1251 2652 1318 2692; x_wconf 93' lang='lat'><strong>11.</strong></span> <span class='ocrx_word' id='word_1_244' title='bbox 1357 2647 1513 2706; x_wconf 84' lang='lat' dir='ltr'><em>ZPA]</em></span> <span class='ocrx_word' id='word_1_245' title='bbox 1551 2649 1637 2690; x_wconf 85' lang='lat' dir='ltr'><strong><em>ZA</em></strong></span> <span class='ocrx_word' id='word_1_246' title='bbox 1668 2661 1709 2691; x_wconf 85' lang='lat' dir='ltr'><strong>v.</strong></span> <span class='ocrx_word' id='word_1_247' title='bbox 1833 2649 1858 2690; x_wconf 85' lang='lat'><em>1</em></span> <span class='ocrx_word' id='word_1_248' title='bbox 1889 2671 1899 2692; x_wconf 57' lang='lat' dir='ltr'><em>a</em></span> 
     </span>
     <span class='ocr_line' id='line_1_29' title="bbox 224 2701 1826 2766; baseline -0.002 -15"><span class='ocrx_word' id='word_1_249' title='bbox 224 2710 277 2751; x_wconf 92' lang='grc' dir='ltr'><strong><em>Ν</em></strong></span> <span class='ocrx_word' id='word_1_250' title='bbox 285 2710 365 2751; x_wconf 86' lang='grc' dir='ltr'><strong><em>ΡΛ</em></strong></span> <span class='ocrx_word' id='word_1_251' title='bbox 391 2707 528 2766; x_wconf 61' lang='lat' dir='ltr'><strong>(ali-..n</strong></span> <span class='ocrx_word' id='word_1_252' title='bbox 563 2709 619 2751; x_wconf 91' lang='lat' dir='ltr'><em>N</em></span> <span class='ocrx_word' id='word_1_253' title='bbox 642 2708 808 2763; x_wconf 76' lang='lat' dir='ltr'><strong>postea</strong></span> <span class='ocrx_word' id='word_1_254' title='bbox 839 2706 924 2752; x_wconf 80' lang='lat' dir='ltr'><strong>ins,</strong></span> <span class='ocrx_word' id='word_1_255' title='bbox 957 2707 1014 2751; x_wconf 92' lang='lat' dir='ltr'><strong><em>V.</em></strong></span> <span class='ocrx_word' id='word_1_256' title='bbox 1150 2706 1244 2750; x_wconf 82' lang='grc' dir='ltr'><strong><em>ἐστι</em></strong></span> <span class='ocrx_word' id='word_1_257' title='bbox 1274 2705 1368 2762; x_wconf 90' lang='lat' dir='ltr'><strong><em>Vp.</em></strong></span> <span class='ocrx_word' id='word_1_258' title='bbox 1507 2710 1577 2749; x_wconf 88' lang='lat'><strong>13.</strong></span> <span class='ocrx_word' id='word_1_259' title='bbox 1609 2701 1826 2762; x_wconf 77' lang='grc' dir='ltr'><strong><em>ἡμικυκλί</em></strong></span> 
     </span>
    </p>

    <p class='ocr_par' dir='ltr' id='par_1_8' title="bbox 220 2760 1886 2825">
     <span class='ocr_line' id='line_1_30' title="bbox 220 2760 1886 2825; baseline 0 -16"><span class='ocrx_word' id='word_1_260' title='bbox 220 2782 288 2823; x_wconf 88' lang='lat' dir='ltr'><strong>pr.</strong></span> <span class='ocrx_word' id='word_1_261' title='bbox 321 2784 349 2811; x_wconf 83' lang='grc' dir='ltr'><strong><em>κ</em></strong></span> <span class='ocrx_word' id='word_1_262' title='bbox 380 2766 430 2810; x_wconf 81' lang='lat' dir='ltr'><strong><em>in</em></strong></span> <span class='ocrx_word' id='word_1_263' title='bbox 461 2780 549 2811; x_wconf 80' lang='lat' dir='ltr'><strong>ras.</strong></span> <span class='ocrx_word' id='word_1_264' title='bbox 582 2766 638 2811; x_wconf 92' lang='lat' dir='ltr'><strong><em>V.</em></strong></span> <span class='ocrx_word' id='word_1_265' title='bbox 761 2770 830 2811; x_wconf 85' lang='lat'><strong>15.</strong></span> <span class='ocrx_word' id='word_1_266' title='bbox 865 2765 916 2811; x_wconf 80' lang='grc' dir='ltr'><strong><em>ἐν</em></strong></span> <span class='ocrx_word' id='word_1_267' title='bbox 945 2767 1021 2825; x_wconf 86' lang='grc' dir='ltr'><strong><em>τῇ]</em></strong></span> <span class='ocrx_word' id='word_1_268' title='bbox 1053 2765 1104 2809; x_wconf 83' lang='lat' dir='ltr'><strong><em>in</em></strong></span> <span class='ocrx_word' id='word_1_269' title='bbox 1134 2780 1224 2810; x_wconf 83' lang='lat' dir='ltr'><strong>ras.</strong></span> <span class='ocrx_word' id='word_1_270' title='bbox 1256 2781 1316 2810; x_wconf 90' lang='lat' dir='ltr'><strong>m.</strong></span> <span class='ocrx_word' id='word_1_271' title='bbox 1353 2769 1375 2809; x_wconf 93' lang='lat'><strong>1</strong></span> <span class='ocrx_word' id='word_1_272' title='bbox 1408 2764 1463 2809; x_wconf 93' lang='lat' dir='ltr'><strong><em>V.</em></strong></span> <span class='ocrx_word' id='word_1_273' title='bbox 1596 2768 1664 2810; x_wconf 84' lang='lat'><strong>18.</strong></span> <span class='ocrx_word' id='word_1_274' title='bbox 1699 2762 1777 2823; x_wconf 85' lang='grc' dir='ltr'><strong><em>δέ]</em></strong></span> <span class='ocrx_word' id='word_1_275' title='bbox 1811 2760 1886 2809; x_wconf 65' lang='lat' dir='ltr'><strong><em>dul</em></strong></span> 
     </span>
    </p>
   </div>
   <div class='ocr_carea' id='block_1_4' title="bbox 221 2821 1891 2942">
    <p class='ocr_par' dir='ltr' id='par_1_9' title="bbox 221 2821 1891 2942">
     <span class='ocr_line' id='line_1_31' title="bbox 221 2821 1884 2882; baseline -0.001 -14"><span class='ocrx_word' id='word_1_276' title='bbox 221 2841 280 2869; x_wconf 89' lang='lat' dir='ltr'><strong>m.</strong></span> <span class='ocrx_word' id='word_1_277' title='bbox 314 2839 403 2870; x_wconf 83' lang='lat' dir='ltr'><strong>rec.</strong></span> <span class='ocrx_word' id='word_1_278' title='bbox 435 2826 491 2871; x_wconf 93' lang='lat' dir='ltr'><strong><em>V.</em></strong></span> <span class='ocrx_word' id='word_1_279' title='bbox 614 2824 792 2882; x_wconf 76' lang='grc' dir='ltr'><strong><em>ἔγγειον</em></strong></span> <span class='ocrx_word' id='word_1_280' title='bbox 824 2825 878 2881; x_wconf 90' lang='lat' dir='ltr'><strong><em>V,</em></strong></span> <span class='ocrx_word' id='word_1_281' title='bbox 921 2825 1003 2869; x_wconf 82' lang='lat' dir='ltr'><strong><em>sed</em></strong></span> <span class='ocrx_word' id='word_1_282' title='bbox 1035 2839 1148 2870; x_wconf 83' lang='lat' dir='ltr'><strong>corr.</strong></span> <span class='ocrx_word' id='word_1_283' title='bbox 1181 2840 1241 2870; x_wconf 89' lang='lat' dir='ltr'><strong>m.</strong></span> <span class='ocrx_word' id='word_1_284' title='bbox 1274 2838 1363 2869; x_wconf 84' lang='lat' dir='ltr'><strong>rec.</strong></span> <span class='ocrx_word' id='word_1_285' title='bbox 1493 2828 1562 2868; x_wconf 82' lang='lat'><strong>22.</strong></span> <span class='ocrx_word' id='word_1_286' title='bbox 1598 2821 1699 2882; x_wconf 80' lang='grc' dir='ltr'><strong><em>ἐπί]</em></strong></span> <span class='ocrx_word' id='word_1_287' title='bbox 1732 2823 1782 2866; x_wconf 89' lang='lat' dir='ltr'><strong><em>in</em></strong></span> <span class='ocrx_word' id='word_1_288' title='bbox 1810 2832 1884 2873; x_wconf 64' lang='lat' dir='ltr'><strong><em>ras</em></strong></span> 
     </span>
     <span class='ocr_line' id='line_1_32' title="bbox 222 2876 1891 2942; baseline -0.002 -15"><span class='ocrx_word' id='word_1_289' title='bbox 222 2899 281 2928; x_wconf 89' lang='lat' dir='ltr'><strong>m.</strong></span> <span class='ocrx_word' id='word_1_290' title='bbox 317 2889 340 2928; x_wconf 90' lang='lat'>1</span> <span class='ocrx_word' id='word_1_291' title='bbox 373 2885 427 2929; x_wconf 90' lang='lat' dir='ltr'><strong><em>V.</em></strong></span> <span class='ocrx_word' id='word_1_292' title='bbox 551 2889 621 2929; x_wconf 82' lang='lat'><strong>23.</strong></span> <span class='ocrx_word' id='word_1_293' title='bbox 656 2884 912 2942; x_wconf 79' lang='grc' dir='ltr'><strong><em>ἐπιζεύχθω</em></strong></span> <span class='ocrx_word' id='word_1_294' title='bbox 943 2885 999 2942; x_wconf 89' lang='lat' dir='ltr'><strong><em>V,</em></strong></span> <span class='ocrx_word' id='word_1_295' title='bbox 1033 2885 1116 2928; x_wconf 87' lang='lat' dir='ltr'><strong><em>sed</em></strong></span> <span class='ocrx_word' id='word_1_296' title='bbox 1147 2898 1260 2929; x_wconf 86' lang='lat' dir='ltr'><strong>corr.</strong></span> <span class='ocrx_word' id='word_1_297' title='bbox 1383 2887 1453 2928; x_wconf 81' lang='lat'><strong>24.</strong></span> <span class='ocrx_word' id='word_1_298' title='bbox 1491 2883 1644 2941; x_wconf 87' lang='grc' dir='ltr'><strong><em>ΓΚΒ]</em></strong></span> <span class='ocrx_word' id='word_1_299' title='bbox 1678 2886 1724 2926; x_wconf 87' lang='grc' dir='ltr'><strong><em>Κ</em></strong></span> <span class='ocrx_word' id='word_1_300' title='bbox 1733 2885 1816 2926; x_wconf 89' lang='grc' dir='ltr'><strong><em>ΓΒ</em></strong></span> <span class='ocrx_word' id='word_1_301' title='bbox 1845 2876 1891 2927; x_wconf 68' lang='grc' dir='ltr'><strong><em>Υ,</em></strong></span> 
     </span>
    </p>
   </div>
   <div class='ocr_carea' id='block_1_5' title="bbox 221 2542 575 2546">
    <p class='ocr_par' dir='ltr' id='par_1_10' title="bbox 221 2542 575 2546">
     <span class='ocr_line' id='line_1_33' title="bbox 221 2542 575 2546; baseline 0 0"><span class='ocrx_word' id='word_1_302' title='bbox 221 2542 575 2546; x_wconf 95' lang='lat' dir='ltr'><strong><em> </em></strong></span> 
     </span>
    </p>
   </div>
  </div>
 </body>
</html>
