1904 3184
70 1171 125 1211 10

70 1617 126 1657 15

70 2062 129 2104 20

157 119 263 172 168
506 121 862 163 OPTICORUM
891 121 1192 163 RECENSIO
1222 121 1501 164 THEONIS.

153 242 216 295 τὸ
256 244 332 310 A,
379 240 412 309 ἡ
453 237 514 294 ds
552 244 658 294 ΒΖ
706 241 844 293 κατὰ
882 241 944 294 τὸ
984 244 1064 294 M.
1142 238 1259 294 ε’πεὶ
1305 237 1409 295 οὗν
1449 242 1512 295 τὸ
1550 245 1617 294 Η
1657 249 1757 295 τοῦ
1798 245 1850 295 A
1902 307 1904 312 Ι

154 332 581 400 μετεωρότερον,
620 330 682 383 τὸ
723 326 783 383 δε
823 333 876 382 Λ
913 337 1013 383 τοῦ
1051 334 1141 398 Μ,
1181 328 1303 383 ἀλλ’
1340 329 1400 383 ἐν
1440 351 1483 384 ω
1523 330 1638 384 ε’στι
1677 332 1738 384 τὸ
1773 334 1849 400 Η,
1900 359 1904 399 3

155 419 217 473 ἐν
256 421 433 490 τούτῳ
474 420 535 472 τὸ
573 421 635 487 Γ,
676 418 737 472 ἐν
776 413 821 491 ᾧ
859 416 920 472 δὲ
958 420 1020 472 τὸ
1060 423 1136 488 Λ,
1176 419 1237 472 έν
1275 421 1452 492 τούτῳ
1493 420 1554 473 τὸ
1592 424 1666 488 A,
1706 418 1765 472 ἐν
1807 414 1904 492 ᾧ

158 506 219 561 δε
251 510 312 562 τὸ
345 512 426 577 M
466 507 526 561 ἐν
569 508 746 580 τούτῳ
783 508 845 562 τὸ
880 512 949 577 Ζ,
990 508 1083 561 διὰ
1121 459 1185 561 ,δε
1224 517 1336 561 τῶν
1369 511 1489 577 ΒΓ
1521 511 1626 561 BA
1665 507 1698 576 ἡ
1740 503 1904 563 ΔΓ

157 601 430 668 φαίνεται,
470 597 564 650 διὰ
599 594 660 650 δε
691 606 804 650 τῶν
834 601 955 666 BA,
987 601 1092 650 BZ
1131 596 1164 665 ἡ
1201 601 1319 666 ZA,
1359 597 1454 651 διὰ
1486 594 1547 650 δὲ
1581 606 1694 650 τῶν
1728 601 1851 666 ΒΖ,

156 690 272 740 ΒΚ
312 686 346 755 ἡ
386 689 520 755 ΚΖ,
572 686 780 740 οὐκοῦν
826 686 860 756 ἡ
907 683 1008 756 μὲν
1048 689 1149 739 ΓΔ
1195 694 1292 756 τῆς
1332 690 1441 739 ZA
1478 685 1851 757 μετεωροτέρα
1899 695 1904 752 j

157 778 429 846 φαίνεται,
469 774 502 844 ἡ
536 772 597 828 δὲ
624 779 733 828 ZA
763 782 859 845 τῆς
886 775 1126 829 ΖΚ·τά
1157 776 1262 847 γὰρ
1296 776 1404 830 ὑπὸ
1435 775 1853 847 μετεωροτέρων
1895 780 1904 842 [-

157 865 397 919 ἀκτίνων
436 864 688 935 ὁρώμενα
726 867 1098 936 μετεωρότεροι
1136 868 1408 935 φαίνεται.

958 1078 1014 1111 ια
1041 1100 1052 1111 .

278 1165 403 1215 Τῶν
434 1163 548 1215 ἀνω
582 1169 680 1215 τοῦ
706 1163 947 1231 ὄμματος
978 1056 1252 1216 ἐπιπέδξν
1276 1162 1543 1233 κειμένων
1575 1164 1640 1216 τὰ
1663 1165 1904 1263 πόρρω

158 1253 514 1321 ταπεινότερα
553 1261 823 1321 φανεῖται.
1894 1323 1895 1326 ¹

271 1343 407 1394 ἔστω
448 1341 552 1412 γὰρ
593 1342 739 1410 ὄμμα
778 1341 840 1394 τὸ
880 1343 927 1393 Β
968 1340 1113 1394 κάτω
1153 1348 1253 1394 τοῦ
1292 1346 1347 1394 A
1358 1345 1403 1394 Z
1443 1340 1705 1395 ἐπιπέδου
1745 1343 1854 1394 κεί-
1889 1329 1904 1386 3

158 1450 352 1500 μενον,
408 1428 506 1499 ἀφ’
543 1425 610 1484 οὗ
648 1428 1142 1501 προσπιπτέτωσαν
1196 1429 1410 1494 ἀκτῖνες
1455 1431 1516 1484 αἱ
1559 1434 1694 1499 BA,
1733 1433 1856 1500 ΒΓ,

158 1523 284 1588 ΒΖ,
325 1514 405 1573 ὧν
443 1518 476 1587 ἡ
516 1523 623 1572 ΒΖ
661 1519 897 1583 κάθετος
935 1522 1072 1573 ἔστω
1113 1518 1201 1574 ἐπὶ
1239 1521 1300 1574 τὸ
1339 1519 1702 1590 ὑποκείμενον
1742 1519 1855 1574 ἐπί·
1899 1518 1904 1537 ’“

159 1609 346 1662 πεδον.
397 1607 555 1677 λέγω,
585 1609 669 1662 ὅτι
692 1609 754 1662 τὸ
781 1611 882 1662 ΓΔ
912 1616 1013 1662 τοῦ
1039 1611 1141 1662 ΓΖ
1173 1612 1561 1680 ταπεινότερον
1584 1612 1855 1679 φαίνεται.

161 1699 256 1751 διὰ
302 1699 371 1766 δὴ
419 1698 481 1751 τὸ
519 1694 855 1768 προεκτεθὲν
892 1699 1156 1767 θεώρημα
1194 1699 1553 1768 ταπεινοτάτη
1596 1707 1709 1751 τῶν
1747 1697 1855 1751 ἀπὸ
1884 1722 1894 1730 ·

161 1794 262 1840 τοῦ
293 1790 341 1839 Β
381 1789 622 1856 ὄμματος
659 1787 798 1857 πρὸς
835 1787 897 1840 τὸ
940 1791 995 1840 A
1006 1791 1051 1839 Z
1091 1786 1351 1842 ἐπίπεδον
1388 1796 1856 1859 προσπιπτουσῶν

162 1875 402 1929 ἀκτίνων
442 1874 593 1930 ἐστὶν
630 1875 663 1944 ἡ
703 1879 832 1944 ΒΛ,
881 1876 914 1945 ἡ
955 1873 1015 1929 δὲ
1055 1879 1168 1930 ΒΓ
1205 1884 1301 1946 τῆς
1338 1881 1444 1930 ΒΖ
1484 1874 1856 1947 ταπεινοτέρα.

162 1964 301 2018 ἀλλὰ
341 1965 434 2018 διὰ
473 1961 573 2034 μὲν
612 1974 725 2018 τῶν
757 1968 877 2034 BA,
917 1967 1030 2018 ΒΓ
1062 1964 1301 2020 ἀκτίνων
1339 1968 1401 2021 τὸ
1434 1969 1554 2020 ΔΓ
1583 1968 1857 2037 φαίνεται,

161 2054 255 2107 διὰ
302 2051 363 2107 δὲ
409 2062 521 2107 τῶν
559 2056 689 2122 ΒΓ,
730 2057 834 2106 ΒΖ
882 2055 943 2108 τὸ
985 2057 1103 2108 ΓΖ.
1187 2056 1248 2109 τὸ
1294 2057 1414 2109 ΔΓ
1452 2057 1559 2126 ἄρα
1606 2057 1856 2109 ταπεινό-
1887 2050 1897 2083 ¹:

160 2162 323 2213 τερον
361 2150 460 2196 τοῦ
501 2145 603 2196 ΓΖ
642 2143 850 2213 ὁρᾶται.
1218 2168 1222 2174 ·

1895 853 1904 950 3

1895 969 1904 1163 3

1892 1154 1904 1200 Ξ

1892 1203 1904 1266 i

282 2383 320 2423 1.
357 2377 456 2422 ἐπεὶ
490 2374 596 2437 οὖν]
628 2377 702 2422 bis
736 2393 780 2435 p.
911 2385 949 2423 2.
984 2378 1036 2423 τό
1053 2381 1138 2436 (pr
1143 2379 1179 2438 )]
1215 2378 1307 2423 ἐστι
1338 2378 1390 2423 τό
1422 2378 1476 2424 V.
1600 2384 1641 2423 4.
1673 2379 1702 2436 ἡ
1735 2383 1777 2423 A
1789 2379 1857 2438 Γ]

162 2443 358 2494 m.2p
484 2438 884 2513 6ZA]AZV
993 2438 1688 2510 7.ZK]Kinras...m2v
1813 2438 1904 2496 8.1³

160 2497 275 2541 Post
314 2495 535 2554 φαίνεται
576 2497 682 2542 add.
722 2505 815 2542 τῶν
855 2496 948 2553 ἄρα
979 2496 1104 2542 κάτω
1142 2505 1224 2542 τοῦ
1258 2500 1388 2554 (corr.
1423 2511 1479 2542 ex
1508 2500 1618 2555 τῶν)
1651 2497 1859 2554 ὄμματος
1899 2506 1904 2574 j

162 2562 388 2621 κειμένων
420 2565 501 2609 καὶ
531 2564 590 2609 τὰ
622 2564 725 2622 ἑξῆς
755 2565 810 2608 V.
864 2565 959 2622 Mg.
991 2580 1051 2609 m.
1083 2570 1106 2609 1
1139 2563 1324 2612 V.1·1‘.
1359 2564 1410 2610 ἐκ
1437 2565 1494 2622 δὴ
1519 2565 1687 2609 τούτου
1706 2579 1855 2622 φανε-

166 2630 250 2687 ρόν
277 2630 370 2675 ἐστι
395 2630 482 2687 (οτι
507 2631 613 2676 add.
634 2646 695 2675 m
714 2634 821 2705 rec)
852 2630 911 2675 τὰ
944 2629 1145 2676 ἐπίπεδα
1177 2631 1228 2677 ἐκ
1258 2638 1341 2676 τοῦ
1374 2629 1516 2688 μέσου
1546 2631 1857 2688 θεωρούμενα
1896 2679 1897 2694 ¹

163 2693 298 2734 κοῖλα
331 2689 565 2748 φαίνεται.
627 2688 842 2748 τεθείσης
881 2691 969 2748 γὰρ
1001 2698 1082 2748 τῆς
1116 2690 1270 2748 ὄψεως
1307 2690 1428 2736 κατὰ
1459 2689 1600 2747 μέσον
1638 2697 1720 2735 τοῦ
1756 2690 1867 2744 ἐπι-,

165 2747 312 2794 πέδου
360 2750 410 2795 ἐν
448 2754 511 2810 τῷ
551 2750 760 2809 μετεώρῳ
802 2751 1011 2807 φανερὸν
1050 2750 1102 2795 τὸ
1142 2750 1393 2825 λεῖόμενον
1423 2747 1857 2824 προσεκβληθέντος

162 2816 245 2853 τοῦ
282 2813 374 2854 ΓΚ
411 2797 635 2854 ἐπιπέδου
675 2796 752 2853 ἐπὶ
790 2808 849 2853 τὰ
888 2808 1126 2867 ἀριστερα,
1176 2825 1289 2855 ωστε
1327 2811 1408 2855 καὶ
1447 2809 1513 2861 εἰς
1544 2808 1603 2853 τὰ
1635 2807 1766 2863 δεξιὰ
1795 2807 1856 2853 τὰ

163 2867 322 2924 πόρρω
354 2867 598 2943 προσέχειν
637 2869 719 2914 καὶ
760 2869 826 2920 εἰς
864 2886 923 2913 τα
962 2868 1193 2926 ἀριστερά.
1258 2869 1300 2914 εἰ
1333 2869 1422 2927 γὰρ
1454 2869 1764 2926 μετεωρότεροι
1795 2867 1856 2912 τὰ

165 2927 311 2984 ἄκρα,
351 2930 516 2985 δῆλον,
559 2945 627 2973 οτι
665 2928 716 2972 τὸ
751 2926 890 2985 μέσον
927 2931 1099 2973 κοῖλον.
1253 2934 1292 2975 9.
1335 2930 1426 2988 ια’]
1464 2931 1578 2973 mut.
1611 2927 1661 2971 in
1693 2927 1760 2986 ιβ’
1793 2942 1854 2972 m.
