1904 3184
162 107 268 161 170
508 84 866 186 OPTICORUM·
888 110 1186 154 Rsscmtsm
1217 111 1494 155 'ramma
1878 0 1904 215 1

964 243 1057 314 ιβ’.
1889 233 1904 255 ”

280 338 402 388 Τῶν
434 336 513 397 εἰς
542 335 932 405 τοῦμπροσθεν
963 343 1133 404 μῆκος
1166 333 1404 404 ἐχόντων
1435 337 1501 389 τὰ
1524 333 1629 406 μὲν
1650 335 1710 390 ἐν
1733 345 1852 400 τοῖς
1888 256 1904 403 ¹

160 422 360 488 δεξιοῖς
397 425 476 486 εἰς
513 424 580 476 τὰ
619 423 880 494 ἀριστερὰ
919 424 1074 477 δοκεῖ
1099 429 1417 494 παρῆχθαι,
1441 426 1508 478 τὰ
1540 423 1601 479 δὲ
1640 424 1710 479 ἐνΥ
1734 435 1851 490 τοῖς

163 513 473 585 ἀριστεροῖς
511 515 590 576 εἰς
627 514 694 566 τὰ
734 512 899 578 δεξια.

105 617 131 657 5
275 605 411 656 ἔστω
440 603 545 673 γὰρ
579 602 832 673 ὁρώμενα
863 603 929 656 τὰ
960 605 1082 671 ΒΓ
1107 607 1162 655 Δ
1174 606 1235 672 Ζ
1320 583 1374 628 Β

163 694 309 762 ὄμμα
349 689 409 744 δὲ
448 692 510 745 τὸ
551 694 619 761 Κ,
664 690 762 761 ἀφ’
798 688 867 746 οὗ
904 691 1235 763 προσπιπτέ-

162 795 346 835 τωσαν
378 783 531 845 ὄψεις
563 781 625 834 αἱ
652 783 778 850 ΚΓ,
803 783 928 850 ΚΑ,
957 784 1083 851 ΚΒ,
1109 784 1235 851 ΚΖ,
1314 791 1367 835 Α
1787 774 1844 812 H

164 873 299 938 ΚΗ,
332 872 463 923 ΚΔ.
525 868 734 922 οὐκοῦν
764 870 825 923 τὸ
856 874 911 922 Δ
949 875 1234 941 παρῆχθαι

165 960 320 1013 δοκεῖ
362 959 440 1021 εἰς
477 959 544 1011 τὰ
584 957 843 1030 ἀριστερὰ
882 959 1018 1029 ἥπερ
1059 959 1120 1012 τὸ
1160 961 1234 1012 Η.
1322 985 1374 1021 Γ
1770 951 1807 993 Ζ

77 1064 132 1104 10
165 1049 366 1119 ὁμοίως
412 1044 473 1101 δὲ
511 1045 603 1100 καὶ
651 1048 711 1101 τὸ
752 1051 798 1100 Β
847 1049 925 1110 εἰς
971 1047 1037 1099 τὰ
1085 1045 1235 1111 δεξιὰ

165 1140 321 1192 δοκεῖ
353 1141 639 1209 παρῆχθαι
678 1138 814 1207 ἤπερ
854 1137 915 1190 τὸ
951 1140 1018 1189 Α.
1098 1136 1236 1190 ὥστε
1559 1133 1619 1181 K

164 1237 277 1281 τῶν
323 1229 402 1290 εἰς
446 1227 836 1296 τοῦμπροσθεν
874 1233 1046 1295 μῆκος
1084 1225 1237 1295 ἐχόν-

165 1336 277 1370 των
329 1316 396 1368 τὰ
449 1311 550 1384 μὲν
605 1315 665 1369 ἐν
718 1325 833 1379 τοῖς
888 1313 1087 1379 δεξιοῖς
1140 1315 1218 1378 εἰς
1270 1314 1337 1368 τὰ
1391 1312 1649 1385 ἀριστερὰ
1706 1313 1862 1367 δοκεῖ
1874 1342 1879 1344 -

165 1410 473 1481 παρῆχθας,
513 1406 578 1458 τὰ
618 1402 678 1458 δὲ
718 1403 779 1458 ἐν
818 1413 933 1468 τοῖς
972 1403 1279 1475 ἀριστεροῖς
1317 1405 1396 1467 εἰς
1434 1403 1501 1456 τὰ
1541 1401 1704 1467 δεξιά.

1809 572 1850 624 Δ

81 1569 135 1608 15
850 1526 872 1552 ⁶
954 1551 1066 1625 [ιγ’.
1884 1536 1904 1610 ³(

286 1646 408 1698 Τῶν
471 1649 607 1697 ἰσων
660 1648 915 1713 μεγεθῶν
968 1642 1075 1696 ὑπὸ
1131 1644 1193 1696 τὸ
1248 1643 1394 1712 ὄμμα
1457 1639 1723 1711 κειμένων
1790 1630 1904 1694 vok-f

166 1735 355 1804 πόρρω
394 1735 615 1802 κείμενα
654 1734 1025 1803 μετεωρότεροι
1065 1734 1336 1801 φαίνεται.
1891 1722 1901 1734 '⁴

280 1825 415 1875 ἔστω
463 1822 568 1892 γὰρ
618 1826 708 1875 ἴσα
754 1819 960 1891 μεγέθη
1012 1821 1078 1873 τὰ
1125 1822 1254 1889 ΒΓ,
1293 1825 1348 1873 A
1360 1823 1428 1889 Ζ,
1470 1821 1527 1872 Κ
1534 1822 1584 1872 Λ
1639 1819 1746 1874 ὑπὸ
1801 1820 1864 1874 τὸ

169 1913 315 1981 ὄμμα
361 1911 422 1964 τὸ
462 1913 528 1964 Ν
565 1913 810 1980 κείμενα,
864 1908 956 1963 καὶ
1002 1909 1108 1963 ἀπὸ
1156 1917 1256 1963 τοῦ
1304 1913 1369 1963 Ν
1410 1910 1651 1980 ὄμματος
1696 1922 1868 1981 προσ·
1896 1940 1900 1950 =-

81 2013 137 2054 20
169 1999 514 2055 πιπτέτωσαν
546 1999 761 2064 ἀκτῖνες
791 2000 854 2053 αἰ
873 2002 1004 2067 ΒΝ,
1031 2002 1162 2067 ΝΔ,
1187 2001 1320 2053 ΝΚ.
1370 1998 1577 2053 οὐκοῦν
1600 2017 1867 2086 μετεωρο-

170 2090 302 2159 roim
336 2087 488 2144 ε’στὶν
522 2088 551 2158 ἡ
584 2093 699 2143 ΝΒ
738 2098 850 2142 τῶν
883 2093 1091 2143 λοιπῶν
1127 2088 1389 2143 ἀκτινων·
1432 2088 1569 2142 ὥστε
1600 2086 1691 2141 καὶ
1723 2088 1784 2141 τὸ
1819 2090 1868 2141 Β
1894 2080 1897 2138 ζ

173 2190 414 2249 σημεῖον.
490 2180 552 2233 τὸ
593 2180 699 2250 α’ρα
740 2181 852 2231 ΒΓ
883 2186 982 2231 τοῦ
1014 2183 1069 2231 Δ
1081 2182 1125 2231 Ζ
1164 2180 1566 2249 μετεωρότερον
1599 2179 1871 2247 φαίνεται,

173 2270 234 2322 τὸ
276 2264 336 2322 δὲ
375 2273 429 2322 Δ
441 2273 485 2322 Ζ
532 2275 631 2321 τοῦ
669 2270 799 2321 ΚΛ.
885 2277 996 2321 τῶν
1042 2269 1150 2339 ἄρα
1191 2273 1327 2321 ἴσων
1366 2272 1620 2338 μεγεθῶν
1658 2266 1766 2320 ὑπὸ
1806 2266 1870 2320 τὸ

176 2360 321 2428 ὄμμα
351 2356 620 2428 κειμένων
645 2357 712 2410 τὰ
736 2359 925 2428 πόρρω
958 2360 1180 2427 κείμενα
1203 2358 1573 2427 μετεωρότερα
1597 2358 1870 2426 φαίνεται.

90 2517 146 2557 25
978 2506 1033 2558 ιδ
1043 2503 1071 2558 '.

299 2599 422 2649 Τῶν
464 2600 600 2648 ἴσων
639 2599 893 2664 μεγεθῶν
931 2595 1045 2648 ἄνω
1085 2601 1185 2647 τοῦ
1221 2595 1462 2663 ὄμματος
1499 2591 1765 2663 κειμένων
1804 2579 1879 2646 vei

178 2687 368 2756 πόρρω
408 2687 629 2754 κείμενα
668 2686 1023 2754 ταπεινότερα
1062 2686 1334 2753 φαίνεται.

298 2807 337 2846 3.
372 2799 452 2860 δέ]
485 2799 529 2845 δ’
559 2815 602 2857 p.
751 2805 787 2844 7.
823 2799 892 2859 αἱ]
924 2797 1039 2857 λέγω
1073 2798 1143 2845 ὅτι
1174 2799 1224 2844 αἱ
1255 2814 1298 2844 V.
1443 2802 1483 2843 8.
1518 2799 1643 2858 KH]
1678 2801 1785 2843 ΚΝ
1812 2797 1868 2844 V.

239 2865 278 2905 9.
314 2861 384 2919 H]
420 2863 473 2904 N
498 2860 551 2905 V.
692 2864 759 2904 12.
793 2860 1090 2916 τοῦμπροσθε
1122 2859 1176 2903 V.
1301 2857 1512 2916 ἐχώντων
1542 2873 1593 2914 v,
1637 2858 1719 2903 sed
1751 2871 1868 2903 corr.

240 2925 309 2965 13.
343 2920 513 2973 δεξιοῖς
545 2945 600 2953 -
636 2923 702 2987 14.
736 2920 851 2978 τοῖς]
886 2933 974 2964 om.
1007 2934 1048 2963 v.
1175 2921 1241 2963 18.
1276 2919 1387 2976 ΚΛ]
1421 2932 1509 2963 om
1546 2933 1586 2962 v.
1883 2917 1904 2955 >i
