1904 3184
659 99 1124 143 PROLEGOMENA.
1551 96 1747 149 XXXIX
1841 84 1843 86 ’

169 232 299 276 prop.
342 221 420 262 14:
491 217 640 274 Super
684 216 872 261 oculum
919 215 1291 260 consistentium
1325 215 1649 272 quantitatum
1696 218 1745 261 et

49 285 260 333 eiusdem
298 281 662 341 magnitudini8‚
711 281 842 326 cuius
882 282 1034 327 maior
1073 285 1144 328 est
1181 283 1403 339 remotio,
1452 282 1552 328 eius
1591 282 1744 328 maior

47 354 246 412 putatur
275 349 487 394 dimissio
519 350 587 406 (D
597 350 671 407 L).

168 433 299 476 prop.
334 422 411 463 15:
458 417 575 462 Cum
605 430 745 473 super
774 415 902 460 idem
932 417 1127 473 planum
1158 416 1377 462 similiter
1408 417 1641 461 steterunt
1671 415 1742 460 in-

46 485 254 544 equalia,
287 485 415 541 quod
444 483 579 528 radio
611 483 767 540 capud
796 482 989 528 minoris
1023 483 1318 542 contingenti
1339 485 1608 541 punctoque
1633 482 1743 526 sub-
1789 492 1812 525 5

46 552 212 599 teriori
251 552 310 596 de
348 551 527 596 maiore
566 549 882 606 concluditur,
929 550 1083 594 minus
1120 564 1227 595 cum
1257 550 1417 594 lumen
1446 549 1741 595 inclinatum.

28 634 213 666 *sensus
259 618 504 675 utriusque
549 615 878 662 translationis
927 619 1018 674 est,
1075 617 1202 674 quod
1254 616 1510 675 propositis
1559 616 1742 660 duabus

23 677 398 744 'quantitatibus
430 683 730 741 inequalibus
762 685 817 727 ut
847 686 912 729 ab
945 685 993 727 et
1022 685 1111 743 yd,
1145 686 1194 728 et
1225 687 1289 730 ab
1322 683 1385 728 sit
1414 682 1567 728 maior
1597 685 1646 728 et
1675 685 1745 742 yd

24 753 113 812 <mit
141 752 307 810 minor,
339 752 479 809 quod,
512 753 690 808 quanto
716 750 877 795 oculus
909 750 1062 809 magis
1095 751 1280 796 accedit
1310 752 1373 796 ad
1402 753 1472 810 yd
1500 749 1741 808 minorem,

24 821 183 871 {tanto
207 822 274 865 ab
304 819 494 863 uidetur
524 818 679 863 minus
705 817 927 863 excedere
958 820 1039 876 yd,
1073 820 1121 862 et
1145 821 1323 875 quanto
1347 818 1500 876 magis
1523 818 1741 862 recedere
1766 829 1811 861 10

0 938 2 952 ³
30 887 79 933 ‘a
115 885 306 942 minori,
353 887 488 930 tanto
527 884 679 929 maior
715 883 868 942 magis
907 884 1099 929 uidetur
1137 886 1359 930 excedere
1397 884 1627 930 minorem
1666 885 1740 943 (L,

163 1034 294 1077 prop.
329 1024 407 1064 16:
456 1019 591 1073 Quod
629 1018 680 1062 in
719 1018 897 1064 directo
937 1018 1129 1064 uerticis
1168 1019 1316 1077 ipsius
1356 1020 1482 1065 ultra
1513 1019 1743 1064 minorem

80 1101 107 1132 e
135 1086 314 1131 maiore
343 1085 579 1143 positione
611 1085 754 1130 altius
788 1089 860 1131 est
891 1100 967 1143 eo,
1009 1085 1136 1142 quod
1175 1085 1311 1130 oculo
1343 1085 1534 1130 uidetur
1565 1085 1739 1143 altiori,

48 1149 62 1163 ⁴
98 1152 346 1210 equalibus
378 1152 429 1196 in
459 1167 552 1197 uno
585 1153 822 1198 stantibus
853 1153 998 1211 plano
1024 1154 1090 1210 (D
1099 1154 1156 1210 L,
1189 1167 1272 1198 om.
1305 1154 1381 1211 T).
1765 1161 1808 1195 15

164 1234 295 1278 prop.
323 1225 401 1265 17:
435 1219 485 1265 Si
508 1220 638 1264 uisus
662 1220 800 1265 unius
826 1219 1095 1265 altitudinis
1120 1219 1410 1277 remanserit,
1437 1234 1494 1264 ex
1511 1219 1741 1264 distantia

16 1294 17 1337 ξ
106 1302 140 1332 ιι
168 1289 381 1331 mutatur
410 1286 654 1344 proportio
686 1287 762 1344 (L,
795 1302 879 1333 om.
913 1289 963 1333 D
979 1289 1056 1345 T).

163 1368 294 1412 prop.
330 1358 407 1400 18:
454 1353 736 1398 Altitudinis
783 1354 1103 1410 quantitatem
1148 1368 1232 1411 per
1277 1355 1493 1399 umbram
1532 1355 1644 1400 solis
1693 1357 1741 1400 et

32 1470 45 1497 ι
122 1423 223 1466 tam
253 1421 439 1479 uirgam
469 1421 689 1466 similiter
718 1421 932 1466 inuenire
963 1423 1031 1479 (D
1044 1423 1117 1479 L).

15 1504 22 1519 ¹
163 1503 294 1546 prop.
331 1493 408 1534 19:
462 1488 632 1532 Erecta
671 1487 860 1546 uirgula
900 1488 1182 1546 speculoque
1213 1488 1514 1547 interposito,
1559 1491 1739 1545 quanta
1762 1501 1808 1534 20

15 1611 18 1615 ¹
74 1554 112 1601 t
142 1555 347 1600 altitudo
378 1555 624 1613 paralella,
657 1554 813 1600 dicere
844 1557 935 1614 (L).

8 1627 25 1650 ”’
163 1638 293 1681 prop.
320 1628 399 1670 2οι
441 1622 655 1677 Qualiter
684 1622 1024 1680 profunditatis
1050 1623 1283 1669 certitudo
1316 1622 1379 1667 sit
1410 1624 1630 1669 habenda
1663 1624 1739 1682 (L,

117 1693 170 1736 in
198 1706 285 1750 my.
313 1692 580 1748 praemissis
609 1692 762 1736 uerbis
793 1689 889 1735 alia
921 1690 1203 1748 translatio).

56 1815 61 1817 -
162 1772 293 1815 prop.
311 1762 391 1803 22:
425 1757 474 1803 Si
497 1757 642 1802 fuerit
666 1757 866 1802 oculus
851 1772 903 1801 ιιι
920 1757 1085 1801 eodem
1100 1757 1243 1814 plano
1269 1771 1375 1800 cum
1394 1771 1519 1814 arcu,
1546 1756 1741 1801 circum-

9 1789 29 1932 ,Ξ
141 1824 293 1869 utiam
323 1824 477 1869 uideri
507 1827 686 1869 rectam
717 1825 791 1882 (L,
823 1831 876 1870 ut
907 1824 1005 1868 alia
1036 1823 1287 1868 translatio
1319 1839 1405 1883 my.
1445 1825 1521 1881 Τ).
1764 1835 1808 1869 25

22 1918 26 1924 ·
162 1906 292 1949 prop.
327 1896 406 1937 23·
454 1891 590 1945 Quod
628 1892 686 1936 de
726 1905 863 1949 spera
894 1891 1119 1949 cernitur,
1161 1891 1261 1936 eius
1293 1890 1448 1935 medio
1480 1891 1634 1935 minus
1668 1894 1740 1936 est

9 1907 176 2174 lt.

123 1958 267 2003 uelud
298 1957 499 2002 circulus
538 1960 640 2017 (my.
680 1960 735 2016 T,
778 1961 1045 2016 praemissis
1075 1959 1226 2004 uerbis
1266 1957 1413 2002 habet
1451 1957 1548 2001 alia
1586 1959 1739 2002 trans-

94 2027 163 2071 ho
208 2032 261 2071 ut
289 2028 412 2082 solet,
445 2026 502 2081 L,
535 2027 588 2070 in
610 2040 698 2084 quo
727 2028 952 2084 sequitwr:
982 2024 1278 2084 propositum
1310 2026 1395 2080 est,
1428 2024 1555 2080 quod
1586 2023 1739 2069 minor

182 2091 439 2138 medietate
470 2105 603 2150 spere
635 2091 825 2138 uidetur
856 2094 917 2138 ab
950 2107 1043 2138 uno
1077 2091 1244 2149 oculo).

22 2155 67 2219 ᾗ
162 2173 290 2217 prop.
324 2164 404 2204 24:
459 2159 582 2204 Alia.
637 2162 815 2216 quanto
854 2159 1006 2218 magis
1047 2158 1250 2216 accedit,
1294 2157 1448 2202 minus
1496 2158 1554 2202 de
1582 2171 1736 2215 spera
1761 2171 1809 2203 30

157 2225 261 2283 Ἱππ,
294 2229 343 2271 et
373 2225 424 2270 id
454 2225 606 2270 maius
639 2228 838 2301 apparet
868 2228 943 2284 (L,
975 2242 1061 2286 my.
1102 2227 1177 2283 T).

76 2318 82 2322 -
162 2307 292 2351 prop.
317 2298 396 2338 25:
439 2292 561 2338 Alia.
606 2292 826 2351 uisiones,
852 2308 1052 2350 quarum
1076 2292 1306 2338 distantia
1331 2292 1575 2349 dyametro
1605 2305 1737 2349 spere

152 2363 201 2405 et
216 2359 509 2417 equidistans
526 2359 682 2417 fuerit,
707 2363 878 2418 regunt
901 2360 1143 2419 oppositas
1169 2359 1426 2404 secundum
1443 2358 1739 2416 dyametrum

211 2428 294 2485 (L
326 2442 412 2486 ma
451 2428 528 2485 Τ)

10 2176 33 2230 1¹

159 2602 202 2644 2.
235 2598 445 2644 eiusdem
496 2598 633 2643 unius
666 2599 729 2644 D.
823 2597 923 2642 eius
978 2612 1059 2643 om.
1095 2597 1209 2642 DL.
1333 2601 1373 2641 3.
1406 2609 1487 2653 rep
1491 2587 1653 2640 utatur
1678 2596 1733 2641 L.

105 2655 324 2703 demissio
357 2659 406 2703 D
578 2663 645 2703 19.
678 2658 875 2717 rectam]
954 2694 964 2714 ,
999 2658 1204 2702 erectam
1229 2654 1447 2700 similiter
1458 2611 1527 2713 L,
1560 2669 1644 2701 om.
1670 2656 1733 2700 D.

104 2714 320 2763 aniliter
358 2717 598 2777 inuenire]
645 2718 700 2773 T,
749 2716 984 2774 repperire
1017 2717 1080 2773 L,
1129 2728 1408 2782 cognoscere
1448 2715 1509 2761 D.
1663 2720 1733 2761 20.

172 2828 181 2835 ,
210 2777 266 2822 L
417 2782 487 2822 26.
521 2777 667 2845 quod]
699 2790 840 2834 comp.
873 2791 895 2821 e
927 2790 1039 2821 corr.
1081 2776 1128 2820 T.
1260 2774 1359 2818 eius
1392 2773 1568 2833 medio]
1602 2774 1734 2818 cuius

155 2834 167 2844 '
235 2835 320 2893 T?‚
352 2836 508 2882 medio
540 2836 640 2881 eius
672 2837 730 2881 L.
846 2840 916 2879 31.
951 2836 1149 2892 apparet
1179 2833 1330 2878 maius
1364 2835 1420 2879 L.
1530 2838 1599 2879 32.
1634 2833 1735 2878 dia-

165 2896 265 2942 oL.
357 2900 428 2941 33.
447 2895 832 2955 equidistanSJL,
851 2894 1069 2951 equidem
1089 2895 1144 2938 T
1137 2893 1160 2926 ⁹
1251 2895 1439 2953 regunt]
1458 2894 1661 2951 tangunt
1676 2894 1734 2939 L.
