1904 3184
196 113 268 167 52
766 112 1050 156 EUGLIDIS
1083 112 1315 156 οΡΤΙοΑ.

196 231 691 306 προσπιπτέτωσαν
730 233 946 295 ἀκτῖνες
983 233 1045 286 αἱ
1083 235 1216 302 ΘΚ,
1252 236 1375 301 ΘΛ,
1422 231 1515 286 καὶ
1555 233 1892 303 ἀνήχθωσαν

200 322 306 376 ἀπὸ
352 332 464 376 τῶν
502 325 579 391 Κ,
612 325 664 374 Λ
712 323 953 390 σημείων
1001 321 1113 391 [αἱ]
1160 320 1394 393 πλευραὶ
1440 330 1540 375 τοῦ
1585 325 1891 395 κυλίνδρου

199 413 339 482 πρὸς
375 410 554 482 ὀρθὰς
592 411 654 463 αἱ
688 413 830 478 KM,
863 413 995 463 AN.
1063 412 1486 480 θεωρηθήσεται
1525 412 1594 481 δὴ
1632 412 1741 466 ὑπὸ
1781 422 1893 466 τῶν

207 504 331 569 ΘΚ,
375 503 476 553 ΘΛ
523 498 762 552 ἀκτίνων
807 500 869 552 τὸ
915 501 1171 552 ΜΚΛΝ
1215 498 1380 570 μέρος
1424 507 1525 553 τοῦ
1571 503 1892 572 κυλίνδρου.

147 599 174 638 5
206 589 346 643 ἀλλὰ
391 587 483 641 καὶ
527 588 636 641 ὑπὸ
683 597 796 640 τῶν
841 591 972 657 ΕΒ,
1007 591 1121 641 ΕΓ
1156 589 1218 641 τὸ
1261 591 1502 642 ΖΓΒΗ.
1579 592 1693 643 ἔστι
1734 589 1793 644 δὲ
1832 593 1893 645 τὸ

205 681 439 732 ΖΓΒΗ
470 684 569 729 τοῦ
611 679 1098 746 ΜΚΛΝμεϊζον·
1139 678 1295 730 δοκεῖ
1330 674 1390 730 δὲ
1429 680 1664 732 ἔλασσον
1703 683 1894 748 φαίνε-

203 773 364 835 σθαι,
413 766 701 837 ἐπειδήπερ
748 764 840 818 καὶ
885 768 1083 835 μείζων
1120 769 1296 833 γωνία
1334 766 1368 834 ἡ
1407 768 1546 838 πρὸς
1587 776 1662 840 τῷ
1707 773 1754 822 Θ
1798 777 1895 839 τῆς

202 857 340 927 πρὸς
382 863 457 927 τῷ
496 858 559 907 Ε.

1013 943 1083 998 λ’.

119 1043 174 1083 10
318 1033 522 1086 Κώνου
562 1033 768 1086 κύκλον
807 1035 1028 1102 ἔχοντος
1066 1035 1168 1103 τὴν
1206 1034 1372 1103 βάσιν
1414 1032 1505 1087 καὶ
1543 1036 1682 1106 πρὸς
1719 1035 1896 1106 ὀρθὰς

205 1122 343 1192 αὐτῇ
382 1122 481 1174 τὸν
519 1120 687 1185 ἄξονα
724 1121 834 1175 ὑπὸ
866 1130 966 1175 τοῦ
998 1121 1120 1185 ἑνὸς
1152 1124 1392 1193 ὄμματος
1424 1123 1709 1194 ὁρωμένου
1742 1127 1893 1178 ἔλατἥ

203 1230 303 1264 τον
341 1210 646 1280 ἡμικωνίου
686 1210 1010 1280 ὀφθήσεται.
1894 1204 1904 1209 ’

318 1302 455 1352 ἔστω
495 1309 695 1368 κῶνος,
746 1297 812 1354 οὗ
852 1301 1013 1370 βάσις
1051 1298 1152 1371 μὲν
1191 1301 1220 1355 ὁ
1262 1304 1374 1354 ΒΓ
1404 1302 1628 1371 κύκλος,
1675 1304 1894 1373 κορυφὴ

207 1386 268 1442 δὲ
307 1390 368 1442 τὸ
410 1393 462 1441 Α
502 1398 751 1458 σημεῖον,
793 1391 938 1460 ὄμμα
979 1387 1039 1444 δὲ
1078 1393 1215 1444 ἔστω
1256 1392 1317 1443 τὸ
1359 1395 1437 1459 Δ,
1485 1389 1583 1460 ἀφ’
1621 1387 1687 1445 οὗ
1726 1405 1895 1463 προσ-

118 1486 174 1527 15
205 1476 555 1531 πιπτέτωσαν
599 1477 745 1531 ἀκτῖ-
1467 1525 1524 1574 B

206 1586 298 1629 νες
344 1567 406 1619 αἱ
445 1571 501 1618 Δ
511 1571 582 1636 Β,
619 1572 675 1620 Δ
687 1571 745 1621 Γ.

206 1653 299 1708 καὶ
378 1652 494 1708 ἐπεὶ
576 1670 746 1727 προσ-

207 1745 556 1797 πεπτώκασιν
600 1744 747 1798 ἀκτῖ-

207 1852 300 1894 νες
354 1833 415 1885 αἱ
459 1837 592 1903 ΔΓ,
636 1839 747 1888 ΛΒ
832 1818 897 1867 Δ

120 1931 178 1972 20
210 1921 583 1991 ἐφαπτόμεναι
647 1931 746 1976 τοῦ

209 2013 338 2079 ΒΓ,
385 2011 446 2064 τὸ
488 2014 601 2063 ΒΓ
640 2013 747 2083 ἄρα

212 2102 447 2153 ἔλασσόν
465 2099 615 2153 ἐστιν
631 2100 748 2170 ἡμι-

209 2191 441 2242 κυκλίου
487 2189 579 2241 διὰ
617 2190 684 2243 τὰ
722 2193 1276 2263 προαποδεδειγμένα.
1352 2196 1619 2264 ἤχθωσαν
1657 2195 1763 2248 ἀπὸ
1803 2202 1900 2264 τῆς

210 2285 462 2349 κορυφῆς
494 2285 592 2330 τοῦ
624 2279 808 2332 κώνου
840 2288 936 2349 τῆς
958 2286 1013 2334 Λ
1044 2281 1133 2336 ἐπὶ
1163 2285 1230 2336 τὰ
1261 2287 1325 2352 Β,
1352 2287 1406 2336 Γ
1435 2294 1629 2353 σημεῖα
1667 2281 1900 2355 πλευραὶ

123 2375 181 2416 25
212 2373 313 2419 τοῦ
352 2367 536 2419 κώνου
577 2368 638 2419 αἱ
671 2371 799 2436 ΑΒ,
838 2373 892 2420 Α
902 2372 961 2422 Γ.
1037 2371 1098 2424 τὸ
1139 2373 1245 2442 ἄρα
1291 2371 1899 2443 ἐμπεριλαμβανόμενον

211 2455 320 2509 ὑπὸ
353 2465 465 2508 τῶν
497 2461 550 2508 Α
559 2460 623 2525 Β,
648 2459 766 2509 ΑΓ
788 2457 1038 2529 εὐθειῶν,
1056 2459 1147 2513 καὶ
1179 2469 1278 2514 τοῦ
1304 2464 1416 2514 ΒΓ
1437 2460 1642 2530 τομέως
1674 2463 1904 2515 ἔλαττόν,

214 2545 378 2599 ἐστιν.
404 2544 732 2614 ἡμικωνίου,
776 2545 1064 2619 ἐπειδήπερ
1103 2548 1194 2602 καὶ
1232 2551 1295 2603 τὸ
1333 2553 1447 2603 ΒΓ
1477 2552 1709 2604 ἔλασσόν
1749 2550 1904 2612 ἐστιν,

214 2633 559 2702 ἡμικυκλίου.
637 2636 869 2688 ἔλασσον
909 2637 1015 2706 ἄρα
1052 2636 1358 2707 ἡμικωνίου
1397 2634 1720 2709 ὀφθήσεται.

1464 2069 1526 2118 Z'

337 2769 375 2808 1.
409 2764 715 2823 ἀνήχθωσαν]
749 2779 896 2823 comp.
929 2766 1083 2812 BVat.
1206 2774 1246 2813 2.
1281 2777 1445 2826 σημεῖα
1476 2771 1583 2816 vat.
1706 2770 1774 2829 αἱ]
1809 2784 1896 2815 om.

216 2822 425 2896 QVatJ.
534 2829 573 2868 3.
607 2825 733 2882 ΛΝ]
767 2829 867 2869 ΛΗ
894 2826 984 2882 Bv,
1018 2829 1066 2871 et
1096 2827 1218 2885 Vat„
1252 2829 1344 2879 sed,
1365 2843 1478 2873 corr.
1585 2836 1625 2875 4.
1660 2828 1895 2888 ΜΚΛΝ]

219 2893 251 2967 [ἶ
298 2914 445 2955 ΚΛΝ
478 2912 631 2956 BVat.
673 2912 738 2970 (in
769 2913 876 2958 Vat.
910 2918 1063 2973 corn),
1111 2914 1197 2974 μὲν
1236 2921 1385 2963 ΚΔΝ
1417 2934 1458 2963 v.
1612 2922 1651 2963 5.
1695 2917 1815 2964 ἔστιν
1853 2934 1904 2964 π
