1904 3184
278 95 345 136 ΙΝ
377 93 728 135 OPTICORUM
758 92 1184 135 RECENSIONEM
1215 93 1494 137 THEOMS.
1617 91 1721 143 271

151 213 238 267 51.
293 211 404 266 Καὶ
451 210 539 266 ε’πὶ
585 212 786 265 τούτου
832 210 923 264 καὶ
970 219 1069 265 τοῦ
1116 213 1249 282 μετὰ
1288 219 1451 266 τοῦτο
1491 210 1651 282 ὁμοία
1690 211 1723 280 ἡ

8 301 206 367 ἰδεῖξις
242 303 388 371 πλὴν
427 299 514 355 ε’πὶ
547 302 746 354 κώνου.

617 463 705 516 Ad
741 482 893 534 prop.
932 462 1153 516 XXXII.

9 616 11 624 γ
147 554 232 607 52.
297 557 383 626 Τῷ
422 551 871 625 προϋποκειμένῳ
913 552 1148 626 ἐπιπέδῳ
1188 573 1239 622 p.
1277 555 1397 624 194,
1433 553 1525 622 19]
1566 571 1723 605 τουτ-

9 640 153 697 ’έστι
190 650 256 712 τῇ
294 643 451 712 βάσει
494 650 594 696 τοῦ
633 643 833 696 κώνου.
1593 705 1595 707 ,
1785 655 1810 695 5

146 747 233 801 53.
293 746 516 799 Οὐκοῦν
548 754 902 815 συμπεσεῖται
939 764 991 814 p.
1024 746 1145 814 196,
1178 744 1236 814 2]
1278 744 1464 814 ἐπειδὴ
1497 746 1633 798 κατὰ
1660 746 1722 799 τὸ

8 827 173 890 4ατῖνιῑὸ
213 836 385 906 ἄκρον
423 836 537 888 ἄνω
578 831 678 903 μὲν
716 834 853 886 κατὰ
892 834 952 887 τὸ
992 837 1065 902 Β,
1111 834 1255 886 κάτω
1297 831 1358 887 δὲ
1396 835 1531 887 κατὰ
1569 835 1630 888 τὸ
1670 837 1729 887 Κ

8 970 11 990 ,
35 924 422 986 συνάπτονται.

8 1014 11 1042 Ι
47 1040 50 1042 .

590 1026 677 1080 Ad
717 1045 869 1097 prop.
909 1025 1161 1080 XXXIII.

147 1134 235 1186 54.
272 1131 548 1186 ’Έλασσον
586 1134 843 1202 φαίνεται
881 1151 932 1201 p.
970 1132 1096 1197 196,
1136 1129 1229 1203 22]
1278 1151 1362 1202 γρ.
1401 1134 1584 1201 μεῖζον
1623 1129 1722 1201 μὲν
1756 1143 1811 1184 10

36 1224 188 1278 ἔσται
234 1230 333 1276 τοῦ
372 1223 558 1276 κώνου
605 1223 666 1275 τὸ
707 1219 1015 1292 ὁρώμενον,
1069 1223 1296 1274 ἔλαττον
1343 1218 1403 1274 δὲ
1450 1223 1722 1290 φαίνεται,

37 1309 424 1382 ταπεινοτέρου
471 1308 532 1364 δὲ
579 1313 812 1364 ἔλασσον
857 1307 958 1380 μὲν
1005 1312 1180 1378 ἔσται,
1234 1308 1379 1374 δόξει
1433 1307 1495 1362 δὲ
1541 1312 1723 1379 μεῖζον

37 1403 354 1473 φαίνεσθαι.

147 1505 234 1558 55.
297 1503 592 1558 Τουτέστιν
638 1505 732 1557 ἵνα
779 1503 871 1557 ἐπί
912 1523 1063 1567 τινος
1108 1503 1332 1566 εὐθείας
1377 1503 1437 1555 τὸ
1478 1500 1624 1572 ὄμμα
1669 1497 1722 1573 ᾗ,

8 1580 155 1664 Ιἥτις
189 1594 538 1665 παράλληλός
577 1593 691 1647 ε’στι
730 1601 795 1664 τῇ
836 1593 941 1646 ἀπὸ
981 1600 1076 1662 τῆς
1113 1599 1364 1664 κορυφῆς
1402 1598 1501 1644 τοῦ
1536 1591 1719 1644 κώνου
1755 1601 1808 1642 15

8 1683 173 1755 ’πρὸς
208 1684 311 1752 τὴν
347 1681 702 1754 περιφέρειαν
741 1683 914 1735 αὐτοῦ
954 1680 1193 1752 ἀγομένη
1233 1681 1439 1753 εὐθείᾳ.

147 1787 234 1841 56.
278 1785 434 1840 Ἴσον
482 1785 542 1840 δὲ
590 1788 651 1840 τὸ
698 1784 799 1856 μὲν
836 1787 975 1857 πρὸς
1018 1794 1094 1859 τῷ
1135 1790 1199 1839 Ν
1241 1790 1354 1839 κτλ.
1401 1805 1448 1854 p.
1498 1785 1622 1853 198,
1662 1783 1718 1853 9]

40 1873 136 1933 ἐὰν
180 1876 310 1947 γάρ,
363 1876 554 1938 καθὼς
599 1880 810 1946 εἴρηται
858 1874 918 1928 ἐν
963 1882 1038 1948 τῷ
1086 1873 1176 1928 λα’
1216 1875 1560 1945 θεωρήματι,
1615 1872 1720 1927 ἀπὸ

8 1963 137 2019 ιτοῦ
180 1968 244 2018 N
292 1963 534 2034 ὄμματος
577 1957 964 2035 προσπέσωσιν
1018 1963 1232 2026 ἀκτῖνες
1283 1964 1423 2034 πρὸς
1475 1964 1576 2032 τὴν
1621 1969 1720 2015 τοῦ

25 2039 218 2108 ’κώνου
249 2052 604 2124 περιφέρειαν
636 2053 710 2116 ὡς
741 2055 803 2106 αἱ
829 2056 962 2121 NT,
986 2057 1050 2106 N
1057 2057 1127 2122 Φ,
1165 2051 1256 2106 καὶ
1295 2051 1400 2106 ἀπὸ
1432 2061 1543 2105 τῶν
1583 2054 1641 2119 T,
1671 2054 1721 2103 Φ
1753 2061 1810 2101 20

43 2138 129 2196 kl
172 2143 274 2211 τὴν
311 2143 569 2211 κορυφὴν
615 2143 716 2211 τὴν
754 2146 809 2195 Δ
857 2140 1252 2210 ἐπιζευχθῶσιν
1291 2141 1506 2194 εὐθεῖαι
1553 2140 1627 2202 ὡς
1664 2140 1726 2192 αἰ

47 2230 169 2300 ΤΔ,
203 2234 335 2299 (DA,
382 2232 443 2284 τὸ
488 2232 582 2284 διὰ
620 2240 732 2284 τῶν
771 2233 910 2299 NT,
950 2233 1047 2283 TA
1093 2229 1351 2293 ἐπίπεδον
1397 2227 1487 2282 καὶ
1526 2229 1587 2282 τὸ
1628 2228 1721 2281 διὰ

40 2325 151 2372 τῶν
186 2322 250 2373 Ν
256 2323 324 2388 Φ,
361 2323 469 2372 ΦΛ
506 2321 702 2389 κοινὴν
733 2320 906 2389 τομὴν
945 2317 1049 2382 ἕξει
1088 2319 1190 2387 τὴν
1222 2322 1359 2387 ΔΝ,
1399 2316 1486 2387 ἐφ’
1521 2313 1586 2386 ἧς
1625 2315 1721 2370 ἐὰν

8 2388 174 2478 ’τεθῇ
212 2409 272 2462 τὸ
313 2407 459 2479 ὄμμα
498 2409 572 2472 ὡς
611 2409 747 2461 κατὰ
785 2409 847 2461 τὸ
887 2411 950 2461 Ν
981 2405 1074 2460 καὶ
1112 2408 1173 2461 τὸ
1218 2411 1288 2476 Θ,
1337 2412 1459 2460 ἴσον
1498 2404 1582 2459 ἀεὶ
1621 2412 1720 2459 τοῦ

8 2599 10 2620 2
157 2571 226 2612 51.
257 2568 334 2614 V1.
478 2573 548 2614 52.
582 2568 845 2612 VRVat.u.
992 2572 1061 2613 53.
1103 2567 1514 2623 VRVat.M¹qtu.
1650 2570 1718 2610 54.

8 2659 10 2675 s
39 2622 351 2673 Vat.RM¹st.
444 2633 514 2673 55.
547 2628 986 2685 VRWat.qrstu).
1081 2632 1148 2672 56.
1175 2626 1717 2684 VR(Vat.MAqrstu).

8 2798 9 2826 ς
158 2779 227 2820 12.
258 2777 598 2833 ταπεινώτερον
630 2777 784 2822 Vat.s.
937 2772 989 2819 δέ
1013 2776 1135 2834 (pr.)]
1176 2788 1263 2818 om.
1298 2773 1405 2819 Vat.
1560 2778 1628 2818 14.
1661 2766 1719 2832 ᾖ]

8 2838 13 2871 ἰ
41 2841 131 2879 on.
151 2833 206 2880 V.
306 2841 376 2881 15.
408 2835 718 2894 παράλληλός]
751 2835 864 2891 1:1³1,
899 2834 1022 2890 ὀρθή
1054 2849 1089 2879 s,
1199 2838 1267 2879 16.
1303 2830 1488 2893 εὐθείᾳ]
1523 2847 1610 2877 om.
1635 2832 1720 2878 Re.

100 2894 169 2938 18.
201 2893 310 2954 γάρ]
342 2908 430 2941 om.
463 2896 554 2942 Mt.
677 2895 775 2954 λα’]
807 2894 862 2951 V,
903 2894 975 2951 Zy'
1001 2909 1059 2938 m.
1093 2907 1180 2938 rec.
1304 2897 1372 2937 20.
1407 2892 1517 2950 τῶν]
1550 2898 1632 2937 τοῦ
1665 2892 1718 2938 R.
