1904 3184
114 1049 169 1088 10

116 1585 170 1625 15

113 2030 170 2070 20

112 2474 168 2514 25

198 115 272 168 94
769 115 1054 158 EUCLIDIS
1087 115 1319 159 OPTICA.

200 235 412 306 δέχεται
464 238 567 306 τὴν
618 235 726 289 ὑπὸ
780 243 893 288 τῶν
938 237 1124 287 KZA.
1217 233 1485 302 ἐφάψεται
1533 235 1601 303 δὴ
1647 242 1744 303 τῆς
1788 238 1903 289 ΒΓ

198 327 447 395 εὐθείας,
487 326 775 395 ἐπειδήπερ
816 323 890 386 ὡς
927 322 961 391 ἡ
997 324 1114 375 ΚΓ
1151 323 1290 392 πρὸς
1327 323 1429 391 τὴν
1469 325 1596 392 ΓΖ,
1645 323 1821 387 οὕτως
1858 323 1892 393 ἡ

202 419 303 470 ΓΖ
333 417 472 486 πρὸς
494 417 596 484 τὴν
621 418 738 468 ΓΔ.

199 507 407 558 κείσθω
426 505 495 574 δὴ
513 506 574 558 τὸ
592 506 738 574 ὄμμα

202 593 289 648 ἐπὶ
305 601 404 647 τοῦ
423 598 470 646 Β
492 596 738 664 σημείου,

199 682 292 737 καὶ
337 683 739 754 προσεκβεβλή-

202 778 434 826 σθωσαν
491 773 553 825 αἱ
600 777 656 825 A
665 775 738 841 B,

200 864 325 913 ΒΚ.
352 860 657 930 ἐπεζεύχθω
677 858 739 914 δὲ

201 949 382 1018 ἡΣΔ.
416 949 624 1003 οὐκοῦν
647 955 738 1019 ἴση

818 914 882 967 Γ

201 1038 234 1107 ἡ
287 1042 338 1091 Φ
384 1041 559 1106 γωνία
605 1047 672 1109 τῇ
718 1044 776 1092 Σ
818 1042 1014 1112 γωνίᾳ·
1070 1039 1131 1093 ἐν
1176 1040 1282 1109 γὰρ
1338 1047 1414 1112 τῷ
1464 1040 1613 1112 αὐτῷ
1659 1032 1904 1109 τμήματί

201 1130 358 1182 εἰσιν.
441 1130 540 1181 καί
582 1127 732 1182 ἐστιν
776 1128 809 1197 ἡ
857 1132 916 1181 Σ
956 1136 1053 1197 τῆς
1099 1131 1146 1181 Β
1195 1131 1401 1196 γωνίας
1446 1130 1666 1198 μείζων·
1719 1126 1812 1181 καὶ
1858 1127 1894 1198 ἡ

206 1221 258 1270 Φ
303 1219 410 1287 ἄρα
456 1219 631 1285 γωνία
676 1225 774 1286 τῆς
811 1221 858 1270 Β
906 1220 1105 1287 μείζων
1145 1217 1310 1271 ἐστίν.
1372 1225 1472 1270 τοῦ
1512 1219 1618 1288 ἄρα
1658 1219 1904 1287 ὄμματοςξ

202 1304 290 1360 ἐπὶ
322 1314 422 1359 τοῦ
450 1310 494 1359 Ζ
527 1308 688 1370 ὄντος
718 1309 900 1376 μεῖζον
924 1309 1179 1376 φαίνεται
1204 1308 1264 1360 τὸ
1290 1310 1399 1360 ΚΔ
1429 1308 1566 1377 ἥπερ
1596 1304 1683 1359 ἐπὶ
1707 1314 1806 1360 τοῦ
1830 1285 1904 1362 B:

998 1490 1072 1539 {W
1097 1510 1109 1523 ·

323 1575 403 1628 Τὸ
437 1572 490 1626 δ’
518 1573 652 1627 αὐτὸ
685 1574 1037 1643 συμβήσεται,
1067 1572 1172 1626 κᾶν
1202 1573 1549 1645 παράλληλος
1580 1569 1614 1645 ᾖ
1646 1573 1678 1642 ἡ
1703 1573 1899 1629 εὐθεῖα

203 1665 424 1734 γραμμὴ
463 1671 539 1735 τῷ
579 1662 839 1735 ὁρωμένῳ
879 1660 1116 1732 μεγέθει.
1886 1651 1897 1686 ²¹

316 1755 453 1806 ἔστω
494 1752 779 1822 ὁρώμενον
817 1750 1052 1820 μέγεθος
1082 1752 1144 1804 τὸ
1177 1755 1286 1804 ΑΒ
1325 1749 1417 1804 καὶ
1448 1754 1736 1821 τετμήσθω
1769 1752 1896 1821 δίχα

201 1843 339 1895 κατὰ
377 1843 439 1895 τὸ
478 1845 531 1894 Ε
574 1850 824 1910 σημεῖον,
878 1838 971 1894 καὶ
1017 1839 1245 1909 ἀνήχθω
1292 1840 1398 1893 ἀπὸ
1446 1847 1546 1893 τοῦ
1585 1845 1638 1893 Ε
1679 1848 1746 1912 τῇ
1784 1839 1898 1912 ΑΒ

201 1932 340 2002 πρὸς
378 1930 554 1998 ὀρθὰς
593 1929 626 1998 ἡ
658 1933 781 1998 ΕΖ,
821 1927 909 1998 ἐφ’
945 1925 1010 1997 ἧς
1041 1931 1187 1998 ὄμμα
1217 1931 1425 1983 κείσθω
1458 1931 1519 1983 τὸ
1554 1933 1617 1998 Ζ,
1654 1928 1746 1983 καὶ
1778 1929 1870 1983 ἐπε

204 2021 524 2089 ζεύχθωσαν
555 2019 770 2072 εὐθεῖαι
794 2018 856 2071 αἱ
885 2021 1004 2086 ΖΑ,
1030 2022 1151 2086 ΖΒ,
1189 2017 1282 2071 καὶ
1312 2017 1743 2089 περιγεγράφθω
1767 1934 1897 2089 asez

202 2110 263 2162 τὸ
310 2112 479 2162 ΑΖΒ
532 2110 807 2179 τρίγωνον
860 2114 1042 2177 τμῆμα
1087 2108 1149 2161 τὸ
1197 2110 1388 2175 ΑΖΒ,
1443 2105 1534 2160 καὶ
1591 2107 1745 2176 ἤχθω
1800 2103 1904 2170 διὰ»

201 2205 300 2251 τοῦ
342 2201 387 2250 Ζ
426 2205 492 2268 τῇ
531 2200 639 2250 ΑΒ
678 2196 1028 2267 παράλληλος
1066 2195 1100 2264 ἡ
1143 2200 1277 2263 ΖΛ,
1315 2194 1408 2249 καὶ
1447 2198 1789 2265 μετακείσθω
1829 2193 1904 2254 τὸἱ

202 2288 347 2356 ὄμμα
386 2285 476 2340 ε’πὶ
514 2287 576 2339 τὸ
614 2290 694 2355 Δ,
740 2283 832 2338 καὶ
878 2283 1372 2355 προσπιπτέτωσαν
1419 2284 1634 2348 ἀκτῖνες
1672 2286 1733 2339 αἱ
1767 2272 1904 2356 AA3f

200 2381 255 2428 A
265 2379 327 2428 Β.
390 2374 548 2445 λέγω,
587 2375 671 2428 ὄτι
711 2373 816 2427 ἀπὸ
856 2383 968 2427 τῶν
1000 2379 1071 2443 Δ,
1106 2378 1151 2426 Ζ
1190 2375 1354 2427 ἄνισα
1393 2375 1712 2443 φανήσεται.
1775 2358 1904 2427 &ts-'¹

203 2466 413 2534 ζεύχθω
453 2463 487 2532 ἡ
527 2467 661 2517 ΑΗ.
739 2461 853 2517 ἐπεὶ
900 2460 1004 2517 οὖν
1051 2468 1154 2532 ἴση
1186 2465 1362 2531 γωνία
1401 2462 1434 2530 ἡ
1473 2462 1581 2516 ὑπὸ
1622 2465 1787 2515 ΑΖΒ
1825 2465 1890 2535 τῇ

1892 2551 1894 2586 z

322 2632 359 2670 1.
394 2623 595 2684 δέχεται]
630 2621 870 2682 συνέχεται
901 2623 1034 2668 codd.
1156 2622 1261 2681 τήν]
1295 2636 1383 2667 om.
1410 2622 1543 2667 codd.
1665 2623 1777 2682 τῶν]
1805 2637 1832 2665 τ

202 2685 333 2730 codd.
477 2684 556 2743 δή]
588 2684 638 2726 in
668 2697 758 2728 ras.
791 2682 846 2727 V.
999 2687 1039 2727 2.
1073 2683 1196 2741 ΚΓ]
1231 2685 1276 2726 Γ
1299 2681 1349 2724 in
1379 2696 1469 2727 ras,
1502 2682 1556 2726 V.
1709 2686 1749 2726 3.
1784 2684 1827 2725 Γ

199 2743 250 2787 in
280 2759 369 2789 ras,
403 2743 458 2787 V.
576 2744 676 2801 ΓΔ]
709 2741 760 2785 in
791 2756 882 2786 ras.
914 2741 970 2787 V.
1093 2747 1132 2787 6.
1165 2740 1583 2799 προσεκβεβλήσθω
1614 2755 1656 2797 v,
1689 2742 1738 2784 et
1767 2740 1888 2784 Van·

201 2817 313 2848 corr.
347 2819 406 2848 m.
438 2808 478 2847 2.
603 2807 670 2846 10.
706 2803 773 2861 Σ]
808 2815 920 2845 corr.
955 2815 1011 2845 ex
1046 2805 1090 2845 Γ
1113 2816 1172 2845 m.
1200 2806 1226 2844 2
1258 2800 1365 2845 Vat.
1491 2805 1558 2844 11.
1593 2799 1679 2844 εἰσι
1710 2814 1810 2855 vm,

200 2862 322 2919 Vah„
364 2877 476 2906 corr.
509 2877 570 2907 m.
604 2867 643 2907 2.
797 2861 860 2919 Β]
891 2863 1000 2917 post
1031 2874 1120 2906 ras.
1157 2866 1179 2903 1
1214 2859 1304 2904 litt.
1339 2860 1393 2904 V.
1549 2864 1617 2904 12.
1660 2860 1814 2915 μεῖζον
1843 2869 1874 2903 v

262 2919 355 2965 ἐστί
384 2922 598 2966 Vat.vm.
696 2924 763 2966 13.
796 2926 879 2964 τοῦ
905 2919 1043 2978 (alt.)]
1075 2919 1128 2964 τό
1159 2934 1202 2964 v.
1306 2923 1374 2963 14.
1408 2918 1509 2977 μγ’]
1543 2932 1630 2963 om.
1655 2933 1699 2975 v,
1731 2917 1807 2975 vy'
1830 2910 1883 2962 V'
