1904 3184
19 202 22 240 ἒ

0 2658 4 2733 t

466 76 728 119 SCHOLIA
757 77 823 119 IN
852 75 1135 118 EUCLmIS
1169 74 1400 117 OPTICA.
1676 73 1781 125 129

88 201 141 255 εἰ
174 199 279 269 γὰρ
318 196 352 266 ἡ
390 195 499 250 ὑπὸ
539 199 606 249 H
609 199 708 249 ΓΔ
750 197 925 264 γωνία
965 195 1135 265 ὀρθή,
1180 192 1271 247 καὶ
1318 193 1351 263 ἡ
1398 193 1507 247 ὑπὸ
1548 197 1594 247 Β
1607 193 1780 263 [ΓΗ]

88 289 235 360 ὀρθὴ
277 289 443 340 ἔσται.

96 410 102 417 “
200 391 287 444 20.
341 391 569 442 Κείσθω
617 390 755 458 πρὸς
799 395 875 460 τῷ
924 393 979 440 Δ
1034 390 1210 456 γωνία
1256 387 1402 458 ὀρθὴ
1452 386 1509 456 [ἡ
1549 386 1779 456 ΑΛΕ]·

18 451 19 478 ³
89 480 381 551 διάμετρος
418 479 526 549 ἄρα
565 478 598 547 ἡ
631 481 756 530 ΑΕ.
821 477 959 530 ὥστε
997 475 1030 545 ἡ
1071 477 1179 530 ὑπὸ
1219 478 1381 529 ΕΓΔ
1419 478 1596 543 γωνία
1635 474 1782 539 ὀξεῖα

87 568 179 624 καὶ
225 567 259 636 ἡ
306 568 444 621 κατὰ
489 568 746 637 κορυφὴν
790 566 954 636 αὐτῇ,
1005 564 1038 634 ἡ
1087 563 1148 618 δὲ
1193 565 1301 618 ὑπὸ
1342 567 1509 618 ΒΓΕ
1550 564 1781 635 ἀμβλεῖα
1843 573 1870 613 5

15 678 18 693 ’
89 657 182 713 καὶ
220 657 254 726 ἡ
292 658 432 711 κατὰ
469 657 727 727 κορυφὴν
766 655 903 726 αὐτῇ
944 655 977 724 ἡ
1015 654 1124 708 ὑπὸ
1157 657 1222 707 Η
1227 657 1280 707 Γ
1273 659 1341 707 Δ.
1412 655 1551 707 ὥστε
1581 653 1615 724 ἡ
1646 655 1786 725 πρὸς

15 751 17 762 ’
89 748 268 818 ὀρθὰς
314 744 554 815 ἀγομένη
601 754 666 816 τῇ
709 747 810 798 ΓΔ
855 745 888 814 ἡ
929 746 1046 797 ΚΓ
1083 744 1293 813 δηλαδὴ
1335 742 1489 806 ε’ντὸς
1525 753 1783 796 πεσεῖται.

15 839 17 878 ῐ
88 837 259 892 πάλιν
298 834 413 889 ἐπεὶ
459 835 492 904 ἡ
532 835 641 888 ὑπὸ
682 837 848 887 ΒΓΕ
892 833 1147 903 ἀμβλεῖα,
1202 831 1348 897 ὀξεῖα
1394 833 1427 902 ἡ
1475 832 1582 886 ὑπὸ
1625 835 1789 886 ΓΒΕ

15 927 17 931 ’
56 920 181 980 Ῠκαὶ
218 925 252 994 ἡ
293 926 430 978 κατὰ
467 925 726 995 κορυφὴν
765 924 902 995 αὐτῇ
942 922 975 991 ἡ
1014 923 1123 976 ὑπὸ
1160 926 1333 975 ΖΒΑ.
1404 923 1542 975 ὥστε
1580 920 1613 990 ἡ
1645 922 1784 993 πρὸς

13 1070 16 1093 ÷
89 1015 268 1086 ὀρθὰς
306 1013 546 1084 ἀγομένη
587 1022 652 1084 τῇ
685 1017 795 1066 ΑΒ
837 1012 990 1076 ε’κτὸς
1019 1022 1261 1066 πεσεῖται
1293 1011 1326 1080 ἡ
1365 1015 1466 1064 ΘΒ
1508 1012 1781 1080 δηλονότι.
1815 1018 1874 1058 10

12 1147 15 1162 ,
90 1103 552 1173 ἐκβεβλήσθωσαν
597 1101 631 1171 ἡ
685 1106 787 1155 ΘΒ
834 1100 927 1155 καὶ
973 1104 1091 1154 ΚΓ
1129 1099 1217 1154 ε’πὶ
1262 1102 1364 1170 τὴν
1408 1098 1783 1171 περιφέρειαν,

12 1202 14 1206 ’
87 1192 180 1247 καὶ
220 1193 326 1246 ἀπὸ
365 1200 465 1245 τοῦ
495 1190 730 1262 κέντρου
768 1198 869 1244 τοῦ
901 1192 1108 1244 κύκλου
1141 1191 1407 1259 ἤχθωσαν
1438 1190 1576 1261 πρὸς
1607 1189 1785 1259 ὀρθὰς

12 1340 15 1363 ῥ
90 1280 179 1337 ἐπὶ
238 1283 341 1351 τὴν
398 1285 504 1335 ΘΒ
567 1279 659 1334 καὶ
714 1283 836 1334 ΚΓ
892 1278 1291 1349 ἐκβεβλημένας
1352 1279 1385 1348 ἡ
1441 1282 1590 1347 ΛΜ,
1639 1281 1782 1331 AN·

12 1374 15 1380 ’
88 1369 387 1441 τέμνουσιν
425 1372 532 1442 ἄρα
571 1371 774 1433 ταύτας
813 1370 939 1438 δίχα
978 1369 1115 1421 κατὰ
1147 1369 1212 1421 τὰ
1245 1371 1326 1437 M,
1357 1371 1422 1421 N
1455 1377 1649 1437 σημεῖα
1690 1368 1783 1420 διὰ

12 1473 13 1479 ’
90 1461 154 1515 τὸ
194 1459 249 1530 γ’
288 1468 389 1514 τοῦ
427 1458 484 1528 γ’
523 1469 636 1513 τῶν
675 1460 995 1528 Στοιχείων.
1067 1456 1373 1526 ἐπεζεύχθω
1414 1456 1447 1525 ἡ
1489 1459 1622 1525 ΛΘ,
1657 1459 1783 1510 ΛΚ.
1820 1463 1873 1505 15

11 1583 13 1629 ὲ
90 1548 183 1603 καὶ
222 1548 338 1604 ἐπεὶ
378 1554 492 1603 ἴσαι
531 1547 673 1603 εἰσὶν
713 1545 898 1602 αὗται·
939 1546 997 1600 ἐκ
1035 1545 1269 1618 κέντρου
1309 1546 1414 1617 γὰρ
1447 1553 1547 1598 τοῦ
1580 1549 1652 1598 Λ·
1692 1543 1784 1599 καὶ

10 1667 14 1684 1
90 1637 482 1693 ὑποτείνουσιν
527 1638 704 1710 ὀρθὰς
750 1640 955 1706 γωνίας
1001 1637 1098 1698 τὰς
1144 1636 1281 1706 πρὸς
1330 1642 1406 1707 τῷ
1454 1638 1527 1687 Μ
1571 1633 1662 1687 καὶ
1710 1638 1783 1703 Ν,

10 1759 11 1762 ¹
89 1727 153 1781 τὸ
199 1729 306 1798 ἄρα
351 1728 458 1782 ἀπὸ
504 1735 601 1798 τῆς
640 1731 753 1781 ΛΘ
800 1732 923 1780 ἴσον
963 1728 1113 1780 ἔσται
1161 1735 1276 1787 τοῖς
1316 1723 1421 1777 ἀπὸ
1465 1727 1609 1792 ΘΜ,
1642 1727 1784 1792 ΜΛ,

9 1833 12 1852 ¹
92 1815 353 1879 ὡσαύτως
390 1815 451 1871 δὲ
490 1815 581 1870 καὶ
620 1818 682 1870 τὸ
723 1815 829 1870 ἀπὸ
868 1818 984 1869 ΚΛ
1024 1819 1148 1868 ἴσον
1186 1822 1302 1876 τοῖς
1342 1811 1447 1866 ἀπὸ
1488 1815 1624 1881 ΚΝ,
1657 1815 1782 1865 ΝΛ.

10 1909 11 1912 ’
92 1903 230 1959 ἀλλὰ
259 1906 294 1975 ἡ
330 1909 460 1959 ΘΜ
489 1912 554 1975 τῇ
587 1908 714 1958 ΚΝ
746 1909 858 1973 ἴση·
899 1904 1038 1957 ὥστε
1068 1901 1160 1956 καὶ
1191 1902 1224 1971 ἡ
1257 1905 1383 1955 ΜΛ
1421 1910 1486 1972 τῇ
1520 1905 1644 1954 AN
1677 1905 1782 1969 ἴση.
1816 1910 1874 1950 20

9 2031 29 2061 ,¹
94 1996 206 2048 ἴσαι
245 1996 352 2066 ἄρα
393 1994 426 2062 ἡ
472 1994 655 2063 ΘΒΞ,
696 1996 812 2047 ΚΓ
812 1998 884 2046 Π.
947 1992 1017 2046 ἂν
1057 1993 1125 2061 δὴ
1165 1994 1360 2045 τοίνυν
1401 1995 1523 2053 ἴσας
1560 1991 1785 2052 ταύταις

8 2121 11 2140 ,
93 2079 283 2154 ἑτέρας
320 2084 424 2137 δύο
464 2083 688 2145 εὐθείας
726 2082 1039 2152 ἀγάγωμεν·
1092 2081 1334 2134 δυνατὸν
1374 2079 1502 2149 γάρ·
1543 2079 1644 2148 τὴν
1676 2083 1785 2131 ΑΔ

8 2232 9 2236 Ἰ
92 2173 262 2242 τυχὸν
290 2171 383 2226 καὶ
416 2176 526 2225 ΡΣ
551 2172 856 2241 τεμνούσας
885 2171 1024 2241 πρὸς
1055 2169 1233 2241 ὀρθὰς
1263 2170 1364 2238 τὴν
1400 2171 1502 2221 ΘΒ
1517 2171 1577 2235 Ζ,
1610 2170 1666 2219 Κ
1673 2169 1791 2220 ΓΠ

92 2260 230 2314 κατά
266 2281 323 2315 τε
361 2262 428 2315 τὰ
468 2265 532 2329 Β,
567 2264 620 2314 Γ
655 2259 748 2314 καὶ
796 2263 854 2329 Τ,
893 2265 941 2313 Τ
981 2268 1200 2329 σημεῖα,
1248 2256 1339 2311 καὶ
1379 2262 1517 2310 ἴσων
1556 2255 1783 2326 ἀφαιρε-

93 2352 302 2404 θεισῶν
348 2360 460 2404 τῶν
503 2353 629 2419 ΓΒ,
663 2349 848 2420 Β[Τ]·
906 2354 1020 2403 ἴσαι
1067 2349 1172 2418 γὰρ
1222 2348 1315 2400 διὰ
1361 2347 1463 2415 τὴν
1503 2350 1629 2413 ἴσην
1674 2343 1780 2398 ἀπὸ
1814 2354 1872 2395 25

213 2499 282 2540 20.
315 2496 393 2542 V2.

216 2647 254 2688 1.
289 2646 455 2704 ΒΓΗ]
493 2647 590 2689 ΓΗ
616 2643 712 2701 legi
743 2657 837 2686 non
868 2644 1076 2699 possunt.
1182 2646 1222 2686 3.
1256 2638 1450 2699 κείσθω]
1484 2638 1587 2683 fort.
1615 2645 1778 2683 κεῖται.

98 2700 184 2804 “3
214 2703 380 2770 ΑΔΒ]
421 2718 555 2749 euan.
717 2707 785 2747 13.
830 2703 943 2760 ΘΒ]
984 2714 1186 2775 οοττ.ὀκ
1223 2702 1318 2745 ΘΔ.
1453 2698 1502 2772 ἡ]
1538 2697 1693 2773 immo'
1715 2697 1779 2754 αἱ,

202 2760 367 2807 cfr.hn
400 2767 454 2807 15
487 2768 540 2807 21
576 2767 631 2807 23
739 2766 808 2806 22.
842 2761 955 2804 Post
987 2762 1179 2810 εὐθειας
1211 2758 1299 2803 del.
1323 2772 1578 2814 τεμνουσας
1609 2773 1782 2808 ταυτας

370 2799 646 2821 .,,.

0 2853 1 2866 2
98 2818 213 2875 πρὸς
241 2820 404 2876 ὀρθάς.
500 2827 570 2868 25.
610 2823 672 2881 T]
707 2820 799 2878 legi
833 2835 926 2864 non
950 2822 1128 2876 potest3
1162 2818 1287 2862 idem
1312 2818 1369 2862 de
1395 2816 1610 2861 omnibus
1636 2815 1780 2873 ualet,

0 2905 1 2917 ³
48 2898 72 2926 Α

48 2934 73 2994 ὲ

82 2889 219 2945 quae
251 2880 303 2940 []
335 2880 517 2926 inclusi.

187 2961 435 3008 Eucliden,
459 2964 543 2998 edd.
568 2964 739 3006 Heiberg
763 2966 799 2996 et
818 2963 964 3003 Menae.
1005 2962 1091 2995 vn.
1492 2957 1517 2995 9

0 3049 113 3184 m
