1904 3184
90 1032 146 1072 10

93 1477 147 1517 15

90 1937 148 1976 20

184 97 290 150 132
562 99 822 141 SCHOLIA
852 100 917 141 IN
946 99 1229 142 EUCLIDIS
1263 101 1493 143 oprch.

294 219 381 271 37.
437 218 551 270 Διὰ
589 219 650 270 τὸ
691 220 1035 287 συμβαίνειν,
1076 218 1208 289 ὅπερ
1242 221 1451 287 γίνεται
1483 221 1705 283 εὐθείας
1734 220 1869 273 ὑπο-

179 305 433 376 κειμένης
479 315 575 375 τῆς
613 313 722 360 νῦν
760 307 930 375 οὔσης
966 311 1340 378 περιφερείας,
1386 312 1659 378 νομίζεται
1704 308 1794 362 καὶ
1838 310 1871 378 ἡ

179 394 501 467 περιφέρεια
549 396 763 448 εὐθεῖα·
820 398 933 449 ἔστι
989 393 1050 449 δὲ
1099 404 1262 450 τοῦτο
1318 398 1378 450 τὸ
1427 401 1729 466 φαίνεσθαι
1776 398 1872 460 τὰς

181 484 286 538 ἀπὸ
320 491 420 537 τοῦ
452 482 685 555 κέντρου
715 482 807 536 καὶ
838 492 1011 537 ταῦτα
1045 489 1165 548 ἴσας
1197 486 1367 548 οὔσας
1397 487 1499 555 τὴν
1530 485 1682 550 ἐκτὸς
1709 489 1868 555 μείζω

178 581 274 643 τῆς
298 573 476 643 ἐντός,
508 566 629 626 οἷον
652 575 754 643 τὴν
778 576 888 627 ΚΒ
920 581 1015 643 τῆς

178 666 326 731 ΚΔ,
398 662 427 716 ὃ
498 665 740 731 γίνεται,
772 670 778 674 ’
810 664 861 715 εί
927 661 1009 716 ἐπ’
1794 703 1851 757 ‘A

179 752 403 815 εὐθείας
425 754 660 805 κείσεται
685 752 718 821 ἡ
747 755 794 805 Β
811 754 870 805 Γ.
926 751 1014 806 ἐπὶ
1093 804 1155 852 K
1175 670 1855 862 AB

177 860 282 912 γαρ
319 846 542 904 ευθειας
581 843 871 911 συμβαινει
911 862 1013 910 την
1173 860 1398 879 s—
1787 861 1848 926 ’,Ζ

178 928 496 999 ἐκκειμένην
558 923 679 983 οἷον
740 931 842 999 τὴν
903 933 1012 983 ΚΒ
1127 861 1798 1088 N

177 1021 397 1088 μείζονα
443 1026 539 1088 τῆς
577 1022 692 1072 ΚΔ
731 1015 889 1072 εἶναι.
966 1021 1017 1072 εἰ
1798 1069 1868 1114 H

178 1107 282 1178 γὰρ
316 1108 494 1172 ἄλλως
525 1107 669 1177 λέγει
700 1129 783 1172 τις
813 1109 1015 1171 ταύτας

179 1202 301 1259 ἴσας
340 1192 499 1267 εἶναι,
539 1200 830 1267 συμβαίνει
871 1199 1078 1251 ἄτοπόν
1110 1216 1183 1251 τι·
1224 1199 1576 1270 ὀρθογωνίου
1618 1202 1721 1271 γὰρ
1762 1221 1870 1254 κει-

177 1284 348 1355 μένου
380 1293 480 1340 τοῦ
512 1289 680 1340 ΚΕΒ
719 1288 996 1358 τριγώνου
1035 1288 1096 1341 τὸ
1130 1287 1235 1341 ἀπὸ
1268 1296 1364 1358 τῆς
1394 1289 1603 1358 βάσεως
1634 1298 1730 1359 τῆς
1760 1293 1870 1343 ΚΒ

180 1380 304 1428 ἴσον
328 1378 478 1429 ἔσται
510 1385 626 1439 τοῖς
656 1375 763 1429 ἀπὸ
789 1385 902 1429 τῶν
924 1380 1180 1448 πλευρῶν
1211 1388 1322 1432 τῶν
1347 1380 1472 1447 ΚΕ,
1498 1382 1618 1432 ΕΒ.
1669 1379 1871 1448 ὁμοίως

180 1462 272 1517 καὶ
295 1466 356 1518 τὸ
383 1463 488 1518 ἀπὸ
513 1473 610 1534 τῆς
627 1467 736 1518 ΚΛ
759 1475 875 1528 τοῖς
900 1464 1005 1519 ἀπὸ
1030 1476 1141 1520 τῶν
1158 1470 1284 1536 ΚΕ,
1301 1472 1418 1521 ΕΔ.
1456 1477 1572 1531 πῶς
1595 1465 1698 1522 οὖν
1722 1471 1870 1522 ἔσται

181 1558 270 1622 ἴση
303 1553 336 1622 ἡ
363 1557 478 1607 ΚΔ
508 1563 573 1625 τῇ
598 1556 711 1606 ΚΒ
743 1564 855 1607 τῶν
886 1553 991 1607 ἀπὸ
1027 1554 1145 1624 [τῆς
1170 1556 1309 1625 ΚΕ]
1344 1556 1404 1610 ἐν
1436 1561 1576 1619 ἴσοις
1609 1562 1744 1609 ἴσων
1777 1555 1869 1610 ὄν-

180 1662 315 1708 των;
348 1646 604 1713 φαίνεται
630 1639 732 1697 οὖν
756 1642 789 1711 ἡ
815 1642 1136 1714 περιφέρεια
1160 1645 1354 1698 εὐθεῖα
1378 1646 1471 1698 διὰ
1487 1647 1548 1699 τὸ
1567 1648 1869 1715 φαίνεσθαι

179 1734 492 1801 συμβαῖνον
531 1730 618 1784 ἐπὶ
657 1738 753 1800 τῆς
791 1734 1157 1802 περιφερείας,
1198 1731 1226 1785 ὃ
1259 1731 1349 1786 καὶ
1387 1732 1474 1787 ἐπὶ
1505 1741 1601 1803 τῆς
1632 1734 1868 1798 εὐθείας.

291 1835 378 1888 38.
421 1831 487 1888 “O
526 1833 764 1888 ὄπισθεν
806 1838 955 1904 ἔλεγε
994 1837 1237 1890 δυνατὸν
1277 1838 1605 1891 δείκνυσθαι
1650 1837 1742 1891 καὶ
1782 1838 1870 1893 ε’πὶ

180 1931 275 1993 τῆς
312 1927 501 1993 κοίλης
540 1927 915 1995 περιφερείας,
955 1933 1119 1978 τοῦτο
1159 1933 1267 1980 νῦν
1306 1927 1568 1981 δεικνύει·
1613 1919 1734 1980 οἷον
1774 1927 1870 1980 ἐὰν

146 2035 148 2037 ’
180 2011 268 2066 ἐπὶ
307 2020 406 2066 τοῦ
445 2012 678 2083 κέντρου
718 2021 814 2082 τῆς
851 2017 1202 2085 περιφερείας
1239 2021 1376 2086 τεθῇ
1414 2017 1476 2069 τὸ
1509 2014 1671 2085 ὄμμα,
1710 2017 1772 2069 αἶ
1808 2014 1868 2070 δὲ

90 2380 146 2420 25

180 2100 238 2155 ἐκ
276 2109 376 2155 τοῦ
414 2101 646 2173 κέντρου
685 2102 1037 2157 ὑποτεθῶσιν
1077 2104 1151 2166 ὡς
1190 2103 1429 2173 ἀκτῖνες,
1471 2103 1730 2173 μέγιστον
1768 2102 1869 2174 μὲν

181 2191 484 2300 φανήσεται
509 2191 542 2260 ἡ
564 2195 674 2244 ΑΒ
700 2192 910 2261 εὐθεῖα,
938 2192 1018 2262 [ἣ]
1045 2193 1106 2246 τὸ
1130 2195 1400 2263 πρότερον
1425 2191 1576 2256 ἀκτὶς
1598 2184 1887 2263 ὑπέκειτο,

180 2278 263 2333 ἀεὶ
296 2277 357 2333 δὲ
387 2279 420 2348 ἡ
454 2283 640 2349 ἔγγιον
671 2289 767 2350 τῆς
797 2287 851 2334 A
860 2285 907 2334 Β
939 2289 1034 2350 τῆς
1067 2281 1350 2353 ἄπωτερον
1380 2285 1578 2351 μείζων
1607 2302 1703 2402 της
1737 2300 1865 2353 προ-

178 2367 339 2439 τέρας
375 2371 771 2441 προχωρούσης
810 2369 1039 2434 δείξεως.

291 2474 375 2527 39.
432 2472 692 2527 Καθέτου
740 2473 824 2527 ἐπ’
868 2475 1042 2544 αὐτὴν
1081 2475 1250 2544 οὔσης
1287 2495 1336 2545 p.
1367 2476 1453 2545 34,
1492 2476 1584 2542 23]
1626 2482 1722 2544 τῆς
1760 2479 1807 2528 Β
1820 2476 1904 2556 ΓΞ

178 2565 529 2634 περιφερείας
567 2563 641 2626 ὡς
679 2563 901 2626 εὐθείας
938 2562 1258 2633 νοουμένης.

290 2667 377 2719 40.
428 2665 770 2737 Ἐγχάλασμα
809 2687 858 2737 p.
892 2667 978 2737 34,
1012 2669 1104 2734 28]
1146 2669 1247 2736 τύῖ
1286 2670 1544 2737 κοίλωμα.

299 2788 369 2828 37.
402 2781 482 2828 Ψ).
605 2787 675 2829 38.
707 2783 783 2829 V¹.
906 2788 975 2828 39.
1009 2783 1085 2828 V¹.
1207 2788 1276 2829 40.
1310 2782 1388 2827 Vb·

300 2905 338 2946 7.
373 2899 475 2960 ἐπί]
511 2899 621 2946 ἐπεί.
772 2905 842 2947 28.
875 2902 987 2960 τύῑ]
1021 2902 1065 2946 h.
1093 2915 1131 2947 e.
1163 2902 1331 2960 vvxbv?

1900 2682 1904 2725 i
