1904 3184
103 1033 159 1072 10

105 1535 160 1575 15

104 1978 162 2019 20

191 98 225 150 2
229 98 303 151 04
546 101 896 144 OPTICORUM
926 102 1224 145 RECENSIO
1256 103 1532 147 THEONIS.

297 220 455 288 ἤχθω
503 221 608 290 γὰρ
652 219 686 289 ἡ
724 217 825 290 μὲν
865 224 966 273 ΓΖ
1012 221 1303 293 διάμετρος
1346 223 1485 294 πρὸς
1522 223 1702 295 ὀρθὰς
1740 221 1904 279 οὗσαῑ

187 317 253 379 τῇ
292 312 428 377 AB,
481 308 514 377 ἡ
564 306 625 362 δὲ
662 312 784 362 ΔΚ
825 309 1054 373 ἀνίσους
1097 318 1336 364 ποιοῦσα
1382 315 1587 380 γωνίας
1631 314 1771 384 πρὸς
1811 268 1904 395 τῇ]

189 400 325 466 ΑΒ,
371 395 464 450 καὶ
510 396 926 467 ἐπεζεύχθωσαν
964 401 1027 452 αἱ
1059 402 1180 470 ΒΓ,
1219 403 1349 469 ΒΔ,
1388 405 1518 470 ΒΖ,
1556 405 1692 471 ΒΚ,
1739 404 1904 460 ε”στωῖ-

190 482 251 538 δὲ
296 488 567 556 πρότερον
611 486 645 555 ἡ
685 491 798 540 ΒΛ
841 495 938 557 τῆς
975 491 1097 541 AK
1135 491 1347 558 μείζων.
1432 490 1639 543 οὐκοῦν
1684 493 1904 560 μείζων

190 572 341 627 ἐστὶν
387 574 420 642 ἡ
467 575 823 646 περιεχομένη
870 580 1046 644 γωνία
1090 577 1199 631 ὑπὸ
1238 587 1351 631 τῶν
1392 582 1550 632 ΓΒΖ
1596 587 1693 648 τῆς
1729 597 1904 650 περι-·

190 661 451 732 εχομένης
487 663 596 717 ὑπὸ
634 673 746 717 τῶν
777 667 966 733 ΚΒΔ,
1005 665 1081 728 ὡς
1118 665 1179 719 ἐν
1210 675 1326 728 τοῖς
1355 668 1715 737 θεωρήμασιν
1747 662 1904 722 cisto-2

191 752 489 805 δείκνυται.
573 753 639 806 τα
695 751 763 806 δέ
810 773 872 822 γε
924 754 1032 807 ὑπὸ
1086 757 1332 824 μείζονος
1376 758 1582 823 γωνίας
1630 742 1904 840 ὁρώμεναὲ

190 843 409 910 μείζονα
440 843 717 911 φαίνεται·
760 843 1010 911 μείζων’
989 844 1095 914 ἄρα
1126 843 1159 912 ἡ
1194 846 1293 896 ΓΖ
1332 851 1428 912 τῆς
1459 849 1514 897 Δ
1523 847 1582 897 Κ
1610 823 1904 921 maihstau}

191 928 287 982 ἐὰν
312 927 374 983 δὲ
400 929 433 998 ἡ
459 934 563 983 ΒΑ
593 938 689 1000 τῆς
711 936 766 984 A
774 934 833 983 K
859 930 1106 985 ἐλάσσων
1128 927 1180 1003 ᾗ,
1212 935 1408 1002 μείζων
1433 936 1687 1002 φαίνεται
1711 933 1744 1002 ἡ
1769 940 1823 986 A
1832 927 1904 1007 K}

190 1026 287 1087 τῆς
334 1021 451 1072 ΓΖ.

285 1165 464 1220 ’Ἑστω
498 1169 714 1237 κύκλος,
754 1164 821 1222 οὗ
852 1166 1082 1240 κέντρον
1113 1170 1174 1222 τὸ
1207 1174 1278 1239 A,
1316 1171 1462 1240 ὄμμα
1493 1168 1554 1223 δὲ
1585 1172 1646 1224 τὸ
1678 1174 1743 1239 Β,
1779 1168 1904 1240 ἄφ’;

193 1251 261 1309 οὗ
300 1256 333 1325 ἡ
374 1255 462 1309 ἐπὶ
500 1258 598 1310 τὸν
628 1258 833 1311 κύκλον
870 1257 1106 1321 καθετος
1143 1257 1380 1328 ἀγομένη
1421 1261 1494 1329 μὴ
1525 1258 1762 1313 πιπτέτω
1796 1257 1899 1315 ἐπὶ

190 1345 252 1398 τὸ
291 1343 522 1416 κέντρον
560 1347 621 1400 τὸ
645 1351 716 1415 A,
756 1345 876 1400 ἀλλ’
913 1346 1082 1416 ἐκτός,
1119 1346 1212 1401 καὶ
1250 1351 1387 1402 ἔστω
1419 1348 1452 1417 ἡ
1484 1352 1603 1418 ΒΓ,
1642 1347 1734 1402 καὶ
1767 1346 1904 1431 ἐπε-ξ

194 1435 404 1502 ζεύχθω
445 1433 551 1488 ἀπὸ
591 1443 690 1488 τοῦ
724 1438 778 1489 Γ
808 1434 895 1489 ἐπὶ
933 1437 995 1490 τὸ
1027 1442 1081 1489 A
1119 1436 1152 1505 ἡ
1188 1439 1303 1506 ΓΛ,
1343 1440 1422 1491 ἔτι
1462 1434 1523 1490 δὲ
1555 1437 1660 1490 ἀπὸ
1699 1445 1798 1490 τοῦ
1830 1414 1904 1491 Α·ἒ

194 1520 282 1575 ἐπὶ
324 1524 385 1576 τὸ
425 1527 472 1575 Β
519 1524 552 1593 ἡ
600 1528 725 1577 ΒΑ.
810 1524 973 1594 λέγω,
1029 1526 1113 1579 ὅτι
1157 1534 1351 1579 πασῶν
1396 1535 1509 1579 τῶν
1555 1527 1647 1579 διὰ
1692 1533 1792 1579 τοῦ
1830 1503 1904 1586 A?

193 1610 538 1681 διαγομένων
583 1613 822 1667 εὐθειῶν
866 1612 959 1667 καὶ
1003 1624 1286 1668 ποιουσῶν
1330 1616 1469 1686 πρὸς
1513 1623 1578 1686 τῇ
1617 1619 1729 1668 ΒΑ
1778 1636 1886 1684 ym-

192 1702 316 1763 νίας
362 1700 615 1771 ἐλαχίστη
663 1700 813 1755 ἐστὶν
864 1701 898 1770 ἡ
945 1703 1053 1756 ὑπὸ
1104 1712 1216 1756 τῶν
1265 1706 1435 1756 ΓΑΒ.
1513 1704 1729 1774 διήχθω
1779 1706 1897 1775 γὰρ.

199 1788 393 1842 εὐθεῖα
438 1789 471 1857 ἡ
510 1794 702 1859 ΔΛΕ,
755 1789 846 1844 καὶ
891 1792 1049 1860 ἤχθω
1098 1791 1203 1845 ἀπὸ
1250 1799 1350 1844 τοῦ
1391 1795 1444 1845 Γ
1490 1791 1578 1846 ἐπὶ
1623 1795 1725 1863 τὴν
1771 1796 1894 1851 ΔΕ,

193 1877 427 1942 κάθετος
469 1878 530 1932 ἐν
568 1887 643 1951 τῷ
684 1878 920 1952 ἐπιπέδῳ
960 1881 994 1950 ἡ
1036 1883 1160 1950 ΓΖ,
1206 1879 1299 1934 καὶ
1338 1880 1642 1951 ἐπεζεύχθω
1682 1882 1716 1951 ἡ
1754 1885 1897 1938 ΒΖἾ

192 1964 285 2019 καὶ
322 1965 355 2034 ἡ
396 1970 500 2019 ΒΖ
540 1969 646 2036 ἄρα
689 1967 776 2021 ἐπὶ
813 1970 914 2038 τὴν
952 1973 1007 2021 Δ
1016 1973 1068 2022 Ε
1106 1970 1340 2033 κάθετός
1386 1969 1550 2024 ἐστιν.
1627 1970 1742 2024 ἐπεὶ
1781 1967 1894 2026 οὗν»

193 2054 338 2126 ὀρθὴ
385 2054 418 2124 ἡ
461 2055 569 2108 ὑπὸ
611 2058 792 2125 ΓΖΑ,
838 2057 871 2126 ἡ
917 2057 1025 2110 ὑπὸ
1072 2061 1239 2111 ΑΓΖ
1285 2060 1391 2130 ἄρα
1439 2059 1686 2113 ἐλάσσων
1733 2058 1892 2125 ἐστὶνέῑ

192 2144 390 2215 ὀρθῆς·
429 2147 626 2214 μείζων
664 2145 771 2215 ἄρα
806 2144 838 2213 ἡ
873 2151 926 2198 Α
936 2149 990 2198 Γ
1018 2147 1228 2218 πλευρὰ
1258 2154 1354 2216 τῆς
1391 2152 1515 2200 ΑΖ.
1576 2149 1609 2217 ἡ
1642 2152 1746 2201 ΒΑ
1776 2150 1894 2226 ἄραῖ

191 2234 330 2304 πρὸς
368 2234 470 2303 τὴν
508 2238 562 2286 Α
574 2237 619 2285 Ζ
657 2236 876 2302 μείζονα
914 2238 1084 2303 λόγον
1121 2238 1229 2305 ἔχει
1267 2237 1403 2307 ἤπερ
1442 2238 1581 2308 πρὸς
1618 2239 1720 2307 τὴν
1756 2239 1897 2299 ΛΠ,

194 2321 313 2376 ἀλλ’
356 2322 390 2391 ἡ
435 2321 545 2376 ὑπὸ
592 2331 704 2375 τῶν
748 2326 915 2376 ΑΓΒ
969 2327 1143 2392 γωνία
1187 2323 1280 2378 καὶ
1325 2325 1358 2395 ἡ
1404 2326 1513 2379 ὑπὸ
1559 2335 1671 2379 τῶν
1712 2328 1889 2380 ΒΖΑ

105 2424 129 2462 2
194 2413 335 2465 εἰσιν
374 2411 568 2482 ὀρθαί,
616 2415 713 2464 καί
747 2413 889 2464 εἰσιν
928 2414 990 2465 αἱ
1026 2416 1147 2482 ΓΑ,
1180 2419 1233 2466 A
1245 2417 1290 2466 Z
1329 2415 1534 2467 ἄνισοι·
1587 2413 1679 2467 καὶ
1718 2415 1886 2485 λοιπὴ

313 2548 354 2588 4.
388 2540 552 2599 μείζων
578 2543 660 2599 (pr
663 2543 699 2600 )]
733 2544 888 2598 μεῖζον
920 2558 960 2587 v.
1077 2541 1241 2599 μείζων
1267 2544 1366 2601 (alt.
1368 2545 1405 2603 )]
1439 2547 1594 2601 μεῖζον
1626 2560 1669 2602 v,
1703 2543 1799 2602 μεί-
1829 2544 1882 2591 in

195 2617 285 2647 ras.
318 2602 374 2646 V.
528 2606 566 2646 6.
607 2602 722 2668 Ppst
759 2610 856 2653 τοῖς
895 2603 1002 2647 add.
1043 2601 1285 2659 προτέροις
1322 2619 1382 2648 m.
1422 2618 1512 2648 ree.
1553 2605 1609 2649 V
1760 2606 1879 2649 ἀπο-

193 2660 451 2720 δείκνυται]
491 2662 605 2705 ῑηιιῒ.
639 2660 690 2703 in
720 2659 1054 2707 ἀποδέδεικται
1090 2661 1804 2720 1η.1·θο.ἶ7.7.μείζωνος
1833 2678 1877 2720 V,

196 2722 278 2765 sed.
311 2735 424 2765 corr.
563 2725 631 2764 11.
665 2720 731 2773 λζ’
757 2720 891 2777 va.
1012 2719 1226 2780 κέντρον]
1258 2737 1317 2766 m.
1351 2735 1439 2766 rec.
1473 2723 1528 2779 V
1569 2737 1715 2780 comp.
1749 2739 1808 2767 m.
1836 2727 1876 2767 1.

254 2785 323 2824 12.
364 2777 580 2837 ἀγωμένη
611 2779 668 2836 V,
712 2779 794 2823 sed
826 2794 939 2824 corr.
1078 2786 1146 2826 16.
1187 2783 1440 2840 ποιουσῶν]
1474 2790 1589 2826 -σῶν
1622 2797 1646 2826 e
1678 2797 1790 2827 corr.
1815 2797 1878 2826 m.

195 2853 284 2884 ree.
317 2839 372 2883 V.
494 2839 608 2882 Post
637 2846 693 2898 τῇ
724 2853 814 2883 ras.
849 2845 872 2883 1
907 2839 998 2885 litt.
1030 2840 1086 2885 V.
1226 2845 1293 2885 17.
1334 2842 1446 2899 τῶν]
1480 2841 1569 2885 del.
1602 2857 1662 2886 m.
1694 2856 1783 2887 ree.
1816 2841 1872 2896 V,

195 2912 288 2954 seq.
321 2913 411 2942 ras.
446 2903 470 2942 2
504 2897 596 2942 litt.
629 2913 671 2942 v.
803 2903 870 2943 18.
904 2899 1008 2958 τήν]
1044 2899 1095 2944 τό
1126 2914 1168 2944 V.
1307 2904 1375 2944 22.
1411 2902 1565 2956 μεῖζον
1596 2916 1638 2945 V.
1759 2898 1877 2959 ΑΓ]
