1904 3184
88 1067 142 1106 10

88 1514 143 1554 15

86 2018 144 2058 20

164 58 277 112 264
888 59 1149 102 scnomA

788 206 876 260 Ad
913 226 1064 277 prop.
1103 206 1246 260 XIX.

281 314 367 367 33.
420 311 538 365 Ἐπὶ
585 313 646 365 τὸ
688 316 735 365 Β
781 310 950 382 πέρας
992 331 1042 381 p.
1079 312 1208 381 176,
1252 311 1343 380 16]
1392 309 1855 381 μετακινουμένου

171 403 430 471 δηλονότι
469 401 502 469 ἢ
542 409 642 454 τοῦ
675 401 944 471 ἐνόπτρου
983 400 1016 469 ἢ
1049 408 1149 453 τοῦ
1181 400 1444 472 ὁρῶντος·
1485 401 1552 454 οὐ
1583 401 1688 471 γὰρ
1720 401 1856 453 κατὰ
1884 407 1887 411 ’

170 492 397 562 πρώτην
435 491 606 559 τυχὸν
646 490 909 559 ἐπιβολὴν
946 498 1042 558 τῆς
1081 488 1260 554 ὄψεως
1297 488 1416 542 κατ’
1453 492 1690 559 ἔμφασιν
1730 488 1857 559 ὁρα-

171 581 404 647 θήσεται
457 579 606 650 παρὰ
659 587 755 648 τῆς
802 577 980 643 ὅψεως
1027 577 1086 631 ἐν
1132 586 1207 650 τῷ
1246 580 1532 651 κατόπτρῳ
1579 579 1639 632 τὸ
1687 579 1887 649 ἄκρον-

170 676 270 721 τοῦ
308 668 503 732 ὕψους.

285 773 370 825 34.
429 771 622 834 Οὕτως
660 772 765 841 γὰρ
807 770 1084 842 ἐνορῶμεν
1122 777 1197 843 τῷ
1238 770 1508 842 ἐσόπτρῳ,
1552 769 1653 833 ἕως
1691 766 1758 823 οὗ
1797 770 1858 823 τὸ

175 863 348 931 ἄκρον
387 860 448 914 ἐν
487 860 636 933 αὐτῷ
676 867 776 913 τοῦ
817 858 1084 922 δοθέντος
1122 857 1395 928 μεγέθους
1434 859 1650 928 ἴδωμεν.

285 965 369 1018 35.
427 963 518 1018 Ἐν
563 974 679 1028 τοῖς
717 967 1119 1034 Κατοπτρικοῖς
1163 983 1214 1032 p.
1257 963 1385 1031 176,
1428 962 1521 1032 18]
1570 961 1705 1032 φησὶ
1753 964 1857 1034 γὰρ

175 1054 345 1108 ἐκεῖσε
369 1054 398 1108 ὁ
423 1054 730 1122 Εὐκλείδης
754 1053 950 1116 οὕτως·
990 1052 1096 1105 ἀπὸ
1128 1061 1240 1105 τῶν
1273 1050 1544 1104 ἐπιπέδων
1577 1052 1887 1123 ἐνόπτρων,

172 1141 265 1196 καὶ
302 1151 522 1213 κυρτῶν
560 1140 651 1194 καὶ
682 1144 886 1195 κοίλων
918 1141 979 1194 αἱ
1007 1139 1164 1205 ὄψεις
1202 1140 1262 1194 ἐν
1297 1145 1439 1203 ἴσαις
1470 1143 1698 1208 γωνίαις
1730 1140 1859 1194 ἀνα-

173 1236 427 1285 κλῶνται.

286 1320 504 1390 ἁρμόζει
559 1317 620 1372 δὲ
666 1319 814 1392 αὐτῷ
868 1317 961 1372 καὶ
1006 1319 1067 1372 τὸ
1115 1318 1176 1372 ἐν
1214 1328 1330 1381 τοῖς
1376 1318 1526 1389 ὅροις
1567 1326 1678 1370 τῶν
1716 1321 1860 1371 Κατ-

175 1419 452 1480 οπτρικῶν
505 1407 815 1480 εἰρημένον·
873 1407 1142 1479 ἐνόπτρου
1197 1405 1456 1469 τεθέντος
1511 1405 1570 1459 ἐν
1625 1405 1860 1479 ἐπιπέδῳ

174 1497 266 1551 καὶ
303 1499 370 1551 τὰ
410 1496 543 1567 ἑξῆς.

798 1570 884 1624 Ad
922 1589 1072 1640 prop.
1112 1569 1253 1623 XXI.

289 1677 375 1730 36.
434 1674 742 1746 Ἐναρμόζω
789 1676 894 1746 γὰρ
950 1673 1010 1727 ἐν
1054 1682 1130 1747 τῷ
1177 1673 1323 1747 μέσῳ
1379 1674 1704 1743 διαστήματι
1750 1682 1885 1727 τῶν

178 1765 417 1818 ἀκτίνων
448 1764 684 1835 μέγεθος
715 1762 799 1817 ἀεὶ
832 1763 1160 1834 ἐναρμόζων,
1192 1763 1294 1826 ἕως
1318 1759 1385 1817 οὗ
1418 1763 1511 1815 διὰ
1541 1773 1653 1816 τῶν
1677 1764 1879 1834 ἄκρων

178 1854 351 1907 αὐτοῦ
393 1855 492 1907 ἴδω
534 1855 600 1907 τὰ
640 1855 779 1924 ἄκρα
818 1860 917 1906 τοῦ
957 1851 1223 1915 δοθέντος
1262 1851 1547 1922 μεγέθους.

782 1999 869 2054 Ad
906 2019 1056 2070 prop.
1095 1998 1267 2053 XXII.

290 2107 374 2160 37.
434 2105 580 2160 Οὐδὲ
617 2106 722 2176 γὰρ
772 2106 881 2175 ἅμα
919 2103 1105 2174 βλέπει
1144 2105 1300 2174 ὅλον,
1355 2103 1447 2157 ἵνα
1494 2106 1863 2171 συναίσθηται

178 2197 252 2260 ὡς
288 2202 623 2267 περιφεροῦς
661 2202 760 2247 τοῦ
801 2192 1099 2264 ὁρωμένου.

298 2392 367 2431 33.
399 2386 506 2430 Vat.
540 2401 600 2430 m.
634 2390 674 2442 2,
707 2399 773 2430 rs,
919 2389 989 2428 34.
1020 2383 1538 2440 VVat.RFp(qrstu).
1683 2386 1751 2426 35.
1783 2381 1862 2427 V’.

238 2451 307 2490 36.
340 2446 674 2502 VVass.pr(q).
805 2448 875 2488 37.
907 2443 1013 2500 RF,
1046 2443 1154 2487 Vat.
1179 2458 1238 2487 m.
1265 2447 1312 2500 2,
1347 2444 1455 2500 αα).

299 2629 338 2669 5.
371 2621 520 2682 παρά]
553 2619 660 2678 περί
690 2635 727 2666 r.
847 2621 898 2665 τὸ
931 2620 1098 2679 ἄκρον]
1131 2635 1173 2677 r,
1219 2634 1306 2664 om.
1339 2620 1492 2664 Va‘o.s.
1616 2623 1655 2662 6.
1688 2616 1840 2675 ὕψους

181 2684 333 2742 ὄψεως
363 2698 398 2727 r.
501 2688 538 2727 7.
573 2680 756 2740 σχόλιον
788 2680 894 2724 add.
928 2695 972 2736 p.
1074 2678 1236 2738 οὕτως]
1271 2677 1390 2723 οὕτω
1420 2678 1542 2735 th.
1638 2677 1840 2736 ἐσόπτρῳ
1870 2695 1889 2745 ‹⁸-

178 2742 420 2802 κατόπτρῳ
450 2757 495 2798 p.
618 2745 658 2784 8.
693 2739 763 2798 ἐν]
797 2753 909 2783 corr.
944 2753 1000 2782 ex
1032 2738 1054 2782 ἐ
1083 2754 1142 2783 m.
1177 2744 1202 2782 2
1235 2739 1290 2782 V.
1395 2736 1589 2793 εἴδωμεν
1620 2737 1675 2782 V.
1794 2738 1861 2780 18.
1873 2752 1890 2795 ῃ·

179 2800 280 2861 ἀεί]
314 2816 401 2846 om.
434 2801 586 2845 Vatar.
681 2798 964 2857 ἐναρμόζων]
998 2812 1086 2842 om.
1110 2813 1146 2854 r,
1179 2797 1266 2841 lac.
1292 2796 1470 2841 relicta.
1566 2800 1635 2840 19.
1670 2794 1778 2840 εἴδω
1805 2794 1887 2859 ’7,ξε

240 2867 310 2906 21.
345 2859 473 2918 ὅλον]
505 2860 566 2910 ὡς
596 2859 646 2916 F,
680 2858 894 2903 om.Va†2.
995 2862 1063 2902 22.
1097 2857 1397 2915 περιφεροῦς]
1430 2853 1728 2912 περιφερείας
1754 2854 1879 2899 Vat:

1874 3003 1878 3014 Δ

1875 3019 1882 3037 ἱ

1868 3067 1879 3079 ‘⁴
