1904 3184
18 0 97 183 π
146 51 166 55 ’0
459 81 720 126 scflom
749 36 815 124 m
845 83 1130 125 Encmms
1164 83 1393 126 OPTICA.
1667 83 1768 136 131

195 205 282 258 30.
345 201 439 266 Ὡς
486 202 519 271 ἡ
558 206 675 255 ΔΕ
716 206 830 254 κτλ.
876 220 928 270 p.
962 203 1055 272 28,
1099 202 1190 272 10]
1244 203 1337 255 διὰ
1384 204 1445 256 τὸ
1486 202 1542 255 δ’
1582 212 1681 257 τοῦ
1722 203 1776 261 ς’

89 302 200 348 τῶν
246 294 575 361 Στοιχείων·
629 292 893 359 ἰσογώνια
934 292 1038 362 γὰρ
1079 293 1145 344 τὰ
1190 294 1435 362 τρίγωνα
1482 293 1575 346 διὰ
1614 294 1675 346 τὸ
1716 293 1776 347 ἐν

85 391 206 444 ταῖς
241 381 618 449 παραλλήλοις
657 379 943 449 ἐμπίπτειν
982 380 1224 433 εὐθεῖαν.

196 487 282 539 31.
324 483 514 555 ’Ἁχρις
553 480 621 537 οὗ
661 486 935 553 συμβαλεῖ
964 504 1014 553 Ρ.
1047 486 1133 554 28,
1165 484 1260 554 24]
1310 483 1557 539 τουτέστι
1588 484 1777 558 μέχρις

86 573 159 630 ἂν
196 575 258 628 τὸ
295 572 467 645 πέρας
505 581 604 626 τοῦ
642 573 823 637 ὕψους
863 572 895 641 ἢ
934 574 995 626 τὸ
1036 575 1208 644 ἄκρον
1248 574 1460 643 δηλαδὴ
1501 576 1562 628 τὸ
1595 579 1648 628 Α
1687 574 1775 645 ἐμ-
1838 583 1864 624 5

18 685 20 696 ¹
63 665 390 735 ,φανήσεται
428 671 504 735 τῷ
544 665 830 734 κατόπτρῳ
871 662 1337 736 μετακινουμένῳ’
1390 664 1456 717 οὐ
1496 664 1605 735 γὰρ,
1640 665 1778 717 κατὰ

18 760 20 762 ’
84 755 308 825 πρώτην
338 753 510 822 τυχὸν
540 753 859 823 προσβολὴν
891 759 987 820 τῆς
1019 750 1198 816 ὄψεως
1228 750 1348 805 κατ’
1377 755 1618 822 ἔμφασιν
1649 752 1779 824 ὁρα-

18 847 21 879 ;
64 844 314 911 θήσεται
370 841 518 912 παρὰ
565 849 660 910 τῆς
707 840 887 905 ὄψεως
934 841 995 894 έν
1042 848 1116 913 τῷ
1164 843 1449 914 κατόπτρῳ
1497 842 1558 895 τὸ
1606 843 1780 913 ἄκρον

63 922 185 986 Ιτοῦ
222 931 417 995 ὕψους.

19 1084 21 1087 .
197 1036 282 1089 32.
334 1033 426 1088 Ἐν
472 1044 588 1097 τοῖς
634 1037 1039 1104 Κατοπτρικοῖς
1084 1054 1135 1103 p.
1175 1035 1268 1104 30,
1310 1034 1377 1104 3]
1434 1035 1526 1088 διὰ
1573 1035 1670 1088 τὸν
1718 1033 1778 1088 ἐν
1813 1044 1869 1085 10

18 1124 20 1159 3
89 1134 203 1188 τοῖς
240 1127 647 1194 Κατοπτρικοῑς
687 1123 821 1194 ὅρον
862 1122 1037 1193 [prop.
1069 1122 1136 1192 1].

18 1287 19 1301 ζ
198 1231 284 1284 33.
326 1228 446 1297 ’Ίση
478 1231 653 1297 γωνία
684 1228 717 1296 ἡ
750 1228 859 1281 ὑπὸ
892 1232 1054 1281 ΕΖΒ
1086 1248 1137 1298 Ρ.
1164 1229 1251 1298 30,
1286 1227 1381 1297 25]
1414 1228 1640 1282 κάθετοι
1672 1229 1778 1300 γὰρ

88 1319 151 1373 αἱ
182 1322 286 1372 ΕΖ
323 1317 416 1372 καὶ
454 1323 587 1371 ΑΔ.

18 1450 21 1474 ι
196 1425 280 1478 34.
332 1421 495 1476 Ἀλλὰ
533 1421 625 1476 καὶ
665 1423 698 1492 ἡ
737 1422 845 1475 ὑπὸ
887 1425 1055 1475 ΑΒΔ
1091 1441 1141 1491 Ρ.
1175 1422 1269 1491 30,
1305 1421 1399 1491 26]
1438 1421 1576 1474 κατὰ
1615 1440 1777 1492 κορυ-

89 1513 203 1584 φὴν
239 1513 359 1584 γάρ·
1813 1518 1866 1559 15

18 1623 63 1684 ζ,
198 1617 284 1671 35.
346 1615 460 1670 Καὶ
514 1617 548 1686 ἡ
601 1619 757 1687 τρίτη
813 1617 921 1686 ἄρα
976 1635 1028 1686 Ρ.
1068 1615 1163 1686 30,
1205 1614 1308 1685 26]
1366 1613 1440 1668 δι’
1491 1614 1557 1668 ὃν
1611 1617 1779 1683 λόγον

87 1705 311 1763 ’ἄνωθεν
351 1705 665 1777 γέγραπται.

199 1810 283 1865 36.
355 1808 623 1863 Βλέπεται
684 1829 734 1879 Ρ.
783 1810 876 1880 34,
918 1809 980 1880 1]
1044 1808 1220 1872 οὕτως
1275 1808 1308 1878 ἡ
1363 1811 1478 1861 ΚΔ
1540 1807 1779 1862 ἐλάττων

93 1902 393 1970 φανήσεται
433 1907 529 1969 τῆς
560 1902 669 1952 ΚΒ
708 1900 781 1969 μὴ
822 1906 921 1952 τοῦ
953 1903 1008 1952 Λ
1045 1900 1183 1970 πρὸς
1222 1906 1287 1969 τῇ
1327 1900 1649 1970 περιφερείᾳ
1689 1897 1780 1950 δο-

18 2008 39 2055 ξ.
90 1995 318 2053 κοῦντος
364 1991 693 2059 φαίνεσθαι,
748 1986 869 2042 ἀλλ’
911 1987 1168 2041 ὑποκάτω
1217 1994 1316 2040 τοῦ
1354 1991 1426 2057 Β,
1480 1985 1572 2039 καὶ
1620 1987 1681 2039 τὸ
1728 1989 1781 2039 Ε
1810 1993 1867 2033 20

18 2110 20 2113 >
88 2076 352 2157 ιὡσαύτως
382 2077 509 2148 οὐχὶ
538 2079 677 2149 πρὸς
707 2086 773 2149 τῇ
801 2079 1138 2149 περιφερείᾳ,
1172 2075 1293 2130 ἀλλ’
1321 2076 1577 2130 ὑποκάτω
1603 2081 1702 2128 τοῦ
1725 2079 1780 2127 Δ

18 2218 20 2224 ,
93 2164 185 2222 ml
237 2168 413 2232 οὕτως
466 2168 541 2231 ὡς
593 2166 685 2221 καὶ
739 2168 963 2231 εὐθείας
1017 2167 1122 2221 ἀπὸ
1170 2173 1268 2220 τοῦ
1319 2170 1365 2219 Β
1420 2166 1558 2236 πρὸς
1603 2164 1781 2234 ὀρθὰς

19 2252 21 2286 9
91 2254 430 2326 κατηγμένης
461 2258 554 2310 διὰ
585 2264 697 2310 τῶν
721 2262 794 2326 Δ,
818 2260 871 2310 Ε
899 2257 1143 2325 διῆχθαι.
1205 2254 1344 2307 ἀλλὰ
1377 2254 1444 2323 δὴ
1470 2252 1560 2307 καὶ
1585 2260 1683 2306 τοῦ
1711 2256 1779 2305 Ζ·

20 2390 21 2394 ,
91 2342 185 2418 καὶ
221 2346 282 2399 τὸ
315 2349 361 2399 Ζ
401 2346 506 2415 γὰρ
545 2344 801 2398 ὑποκάτω
841 2352 940 2397 τοῦ
972 2347 1025 2397 Ε
1060 2343 1369 2414 ὀφθήσεται
1405 2340 1499 2395 καὶ
1538 2342 1605 2395 οὐ
1642 2341 1781 2413 πρὸς

90 2440 162 2504 τῇ
197 2437 528 2506 περιφερείᾳ.
605 2435 703 2488 τὸν
743 2434 914 2488 αὐτὸν
953 2430 1014 2486 δὲ
1052 2435 1259 2503 τρόπον
1302 2430 1393 2484 καὶ
1433 2430 1538 2484 ἀπὸ
1577 2436 1676 2483 τοῦ
1719 2432 1778 2498 Γ,
1811 2436 1868 2477 25

9 2499 13 2600 f
100 2518 174 2585 ὥς
215 2525 518 2592 φαίνεσθαι
566 2521 653 2576 ἐπὶ
691 2530 819 2592 μιᾶς
857 2521 1080 2585 εὐθείας
1121 2529 1217 2591 τῆς
1256 2523 1367 2573 ΒΓ
1404 2521 1469 2572 τὰ
1508 2522 1581 2588 Β,
1611 2523 1682 2587 Δ,
1714 2522 1780 2588 Ε,

9 2602 13 2649 ²
100 2610 172 2679 Ζ,
200 2613 283 2678 Η,
317 2615 387 2681 Θ,
422 2615 475 2665 Γ
506 2621 762 2681 στοιχεῖα.

9 2664 78 2754 ¹>
156 2727 402 2831 aamzhvb.
494 2733 563 2773 31.
597 2729 673 2775 V’.
768 2732 836 2772 32.
870 2727 951 2771 Vb.
1044 2731 1113 2772 33.
1148 2725 1226 2771 Vb.
1320 2730 1389 2769 34.
1423 2724 1501 2768 Vb.
1595 2728 1664 2767 35.
1698 2720 1778 2767 Vb.

216 2895 256 2935 ὅ.
289 2889 338 2950 ἤ]
370 2905 509 2949 supra.
542 2906 624 2936 ser.

63 2949 87 2997 Q
1456 2961 1512 3003 9-
