1904 3184
702 85 1169 129 PROLEGOMENA.
1677 85 1786 130 XIX

93 217 203 247 nam
241 215 347 246 cum
378 203 522 246 antea
561 201 706 245 etiam
735 200 930 257 reliquis
963 201 1226 260 codicibus,
1265 202 1389 248 inter
1419 217 1536 260 quos
1567 204 1785 249 nonnulli

93 267 208 314 satis
240 267 426 324 antiqui
457 270 587 324 sunt,
628 267 811 324 aliquid
849 268 1148 314 auctoritatis
1187 269 1464 328 tribuerem,
1502 285 1627 315 nunc
1665 271 1783 315 mihi

91 335 327 394 persuasi,
365 335 473 379 Uat.
508 340 595 380 204
627 334 779 379 solum
809 335 1094 381 recensionis
1124 336 1485 382 fundamentum
1516 350 1630 382 esse.
1693 338 1783 383 hoc

13 457 15 464 ἲ
89 401 303 448 intellexi
332 404 519 459 reperta
550 401 880 446 emendatione
903 401 1010 459 loci,
1043 402 1125 459 qui
1149 405 1222 448 est
1243 419 1288 461 p.
1316 409 1416 461 146,
1444 408 1514 461 16,
1547 404 1631 449 ubi
1662 404 1783 450 κατά

13 465 16 486 '
93 483 121 514 e
157 468 291 513 codd.
325 468 635 513 deterioribus
675 470 724 512 et
761 468 869 513 Uat.
905 474 993 513 204
1032 472 1240 515 correcto
1278 470 1455 528 recepi,
1496 485 1784 528 quamquam

88 550 183 581 non
227 535 410 592 placuit
456 539 525 592 (u.
556 551 601 592 p.
635 540 720 579 147
759 537 904 593 not.);
962 536 1045 580 sed
1092 538 1282 582 seruata
1329 536 1561 595 scriptura
1607 538 1782 583 codicis

89 603 196 648 Uat.
233 607 321 646 204
358 601 601 646 lenissima
646 602 910 647 mutatione
950 604 1142 662 egregia
1181 603 1345 648 euadit
1383 604 1641 651 sententia:
1687 606 1782 651 καὶ

89 670 189 728 τὴν
228 669 409 726 αὐγὴν
441 671 639 714 εὐθεῖαν
673 666 819 714 οὖσαν
858 668 1052 726 (lineam
1082 669 1447 727 coniungentem
1475 669 1682 715 mediam
1712 670 1783 714 lu-

89 750 276 781 cernam
307 739 356 780 et
384 735 554 780 rimam
582 735 791 781 tabellae
824 738 873 780 et
903 736 1057 780 lucem
1088 735 1188 781 siue
1211 739 1439 794 punctum
1461 736 1783 782 illuminatum

88 802 282 847 alterius
314 802 523 847 tabellae
553 804 734 847 rectam
764 805 896 860 esse).
947 803 1058 847 hinc
1090 804 1302 861 adparet,
1335 806 1515 861 quanta
1551 803 1783 849 distantia

89 868 195 913 Uat.
229 873 317 913 204
348 869 515 913 ceteris
546 870 832 926 praestet;*)
863 869 1027 926 itaque
1059 885 1166 915 eum
1197 885 1252 916 eo
1285 871 1586 916 scribendum

46 994 54 1000 α
87 951 132 993 p.
159 940 258 992 146,
285 942 341 981 26
375 935 661 993 ἐμάστευσαν

86 1017 131 1060 p.
159 1007 258 1060 148,
285 1008 311 1047 9
373 1002 540 1063 πολλά]
571 1002 794 1055 πολλάκις

47 1101 51 1106 -
87 1084 133 1127 p.
159 1075 257 1127 148,
284 1074 340 1114 17
372 1069 489 1129 ἅμα]
522 1071 837 1116 omittendum

87 1151 131 1194 p.
158 1140 259 1194 160,
284 1142 337 1181 11
373 1140 483 1182 ante
501 1137 625 1194 ὄμμα
642 1137 944 1182 inserendum
958 1136 1018 1182 τὰ
1035 1136 1087 1182 δὲ
1104 1137 1376 1196 παράλληλα
1392 1138 1452 1183 τὰ
1471 1140 1569 1196 ΞΛ,
1581 1142 1690 1197 ΠΝ,
1703 1144 1786 1184 ΒΔ

14 1224 15 1232 1
56 1231 58 1234 >
86 1218 131 1261 p.
157 1208 257 1260 162,
284 1209 340 1248 10
371 1206 528 1261 μεῖζον
558 1232 618 1237 -
643 1211 696 1249 11
732 1209 782 1249 H
787 1205 856 1263 Ξ]
891 1204 1154 1250 omittenda
1184 1205 1348 1263 (etiam
1378 1208 1425 1264 v)

86 1285 131 1328 p.
157 1276 255 1328 162,
282 1276 338 1315 13
369 1272 452 1316 καὶ
484 1271 623 1331 οὕτω]
657 1272 921 1318 omittenda
953 1271 1117 1331 (etiam
1147 1274 1195 1329 v)

86 1353 130 1395 p.
157 1342 255 1392 162,
282 1343 339 1382 14
368 1338 428 1383 τὰ
458 1338 657 1399 μεγέθη]
692 1339 956 1384 omittenda

13 1393 16 1432 θ
85 1418 130 1461 p.
157 1409 257 1460 164,
285 1410 339 1450 22
373 1407 533 1465 AKZ]
559 1411 714 1451 AKH

85 1485 132 1528 p.
158 1476 257 1528 166,
284 1477 340 1516 20
373 1469 439 1518 ὧν
471 1501 527 1506 -
558 1490 603 1531 p.
637 1479 741 1531 168,
776 1479 802 1518 8
843 1472 1092 1532 φαίνεται]
1140 1473 1315 1517 οὐκοῦν
1352 1480 1445 1518 τῶν
1485 1473 1579 1518 ἀπὸ
1617 1480 1701 1518 τοῦ
1743 1478 1784 1518 Β

375 1539 580 1598 ὄμματος
602 1541 720 1598 πρὸς
734 1542 786 1586 τὸ
808 1545 901 1585 ΓΚ
922 1539 1147 1585 ἐπίπεδον
1166 1548 1557 1596 προσπιπτουσῶν
1574 1539 1780 1586 ἀκτίνων

374 1606 685 1665 μετεωροτέρα
710 1608 868 1666 ἐστὶ(ν)
898 1608 927 1666 ἡ
954 1612 1047 1653 ΒΓ
1072 1606 1190 1662 ἥπερ
1222 1605 1251 1663 ἡ
1279 1609 1382 1650 ΒΖ·
1417 1605 1587 1663 ὁμοίως
1611 1607 1669 1665 δὴ
1698 1607 1780 1652 καὶ

375 1673 452 1719 ἐπὶ
481 1682 575 1721 τῶν
607 1674 724 1733 ἑξῆς.
774 1677 949 1720 οὐκοῦν
979 1676 1033 1721 τὸ
1066 1673 1153 1732 μὲν
1187 1678 1232 1719 Γ
1255 1682 1338 1719 τοῦ
1375 1679 1409 1719 Ζ
1441 1675 1779 1732 μετεωρότερον

376 1750 612 1799 φανεῖται,
641 1743 695 1788 τὸ
728 1740 780 1787 δὲ
817 1746 852 1786 Ζ
882 1749 964 1787 τοῦ
997 1748 1053 1799 A,
1084 1742 1136 1787 τὸ
1169 1739 1221 1786 δὲ
1254 1747 1297 1785 A
1326 1749 1408 1786 τοῦ
1442 1746 1496 1787 K.
1552 1741 1622 1787 ita
1655 1742 1780 1786 enim

375 1809 474 1854 cod.
500 1809 647 1855 Paris.
673 1814 789 1855 2342
821 1809 931 1867 (nisi
955 1809 1082 1865 quod
1112 1805 1318 1853 ἀκτίνων
1341 1807 1658 1866 μετεωροτάτη
1686 1806 1780 1853 ἐστί

371 1875 535 1934 habet)
565 1875 730 1921 addito
760 1884 897 1923 τοῦτο
930 1877 1053 1934 ζήτει
1083 1876 1229 1927 ἄλλως
1260 1875 1355 1920 ἀπὸ
1388 1875 1530 1921 ἄλλον
1555 1875 1777 1934 ἀντιγρά-

374 1974 468 2014 φου
493 1957 544 2002 ἐν
567 1962 630 2018 τῷ
647 1955 784 2019 ἑτέρῳ
808 1957 936 2016 μέρει
961 1959 1012 2004 ἐν
1030 1957 1201 2020 σημείῳ
1222 1945 1362 2031 Η,
1387 1960 1435 2002 et
1462 1958 1532 2002 ita
1556 1958 1779 2002 habuisse

373 2038 417 2083 V
457 2052 481 2083 e
519 2039 735 2098 uestigiis
772 2055 857 2097 pro
897 2042 1024 2085 certo
1064 2039 1316 2098 colligitur.
1396 2042 1499 2083 tum
1540 2038 1591 2084 111
1628 2039 1778 2096 figura

379 2119 484 2149 cum
510 2106 610 2151 cod.
628 2106 775 2152 Paris.
798 2111 913 2152 2342
937 2107 1279 2165 permutandae
1307 2110 1341 2151 Z
1373 2108 1421 2151 et
1444 2112 1506 2162 A
1497 2127 1506 2136 ·
1538 2122 1583 2164 p.
1603 2111 1702 2163 166,
1722 2111 1780 2150 20

374 2186 458 2229 pro
491 2176 585 2229 BA,
611 2176 709 2230 ΒΖ,
736 2178 828 2218 ΒΚ
856 2173 941 2232 (ita
966 2173 1111 2219 Paris.
1139 2176 1274 2231 2342)
1307 2172 1652 2231 exspectaueris
1677 2176 1776 2230 ΒΖ,

375 2243 482 2296 BA,
515 2244 625 2297 ΒΚ,
666 2240 749 2285 sed
781 2241 861 2287 cfr.
893 2257 937 2299 p.
966 2245 1170 2300 168,13,
1210 2239 1293 2284 ubi
1327 2254 1351 2284 e
1382 2241 1425 2285 V
1455 2239 1777 2297 recipiendum

373 2276 489 2364 putc’s
521 2311 621 2364 ΒΓ,
648 2311 748 2352 ΒΛ.

88 2382 135 2428 p.
160 2376 262 2429 168,
290 2377 346 2417 14
377 2369 443 2418 ὦν
467 2400 525 2406 -
549 2378 603 2417 21
631 2374 816 2434 ὁρᾶται]
850 2377 1024 2420 οὐκοῦν
1054 2373 1365 2431 ταπεινοτάτη
1397 2381 1489 2419 τῶν
1513 2374 1608 2419 ἀπὸ
1632 2380 1714 2418 τοῦ
1741 2377 1778 2417 Β

376 2439 581 2497 ὄμματος
599 2441 716 2496 πρὸς
731 2442 782 2486 τὸ
801 2447 844 2486 A
857 2446 891 2486 Z
915 2440 1141 2487 ἐπίπεδον
1164 2448 1554 2498 προσπιπτουσῶν
1571 2438 1778 2486 ἀκτίνων

378 2506 500 2552 ἐστὶν
529 2507 559 2564 ἡ
595 2512 688 2563 BA,
720 2509 802 2553 καὶ
833 2509 1075 2565 ἀπώτερον
1107 2507 1327 2567 φαίνεται
1358 2508 1408 2552 τὸ
1442 2513 1505 2551 A·
1539 2507 1591 2552 τὸ
1617 2513 1659 2552 A
1684 2507 1776 2564 ἄρα

373 2574 704 2631 ταπεινότερον
744 2573 966 2632 φαίνεται
1001 2583 1083 2621 τοῦ
1120 2579 1178 2633 Γ,
1224 2576 1275 2620 τὸ
1313 2572 1364 2619 δὲ
1402 2578 1444 2618 Γ
1475 2581 1558 2619 τοῦ
1596 2578 1642 2620 Z.
1706 2575 1776 2620 ita

374 2640 518 2685 etiam
548 2641 693 2686 Paris.
729 2647 858 2688 2342.

80 2800 95 2818 -.
204 2757 248 2815 *)
272 2758 419 2803 Simul
443 2760 655 2818 adparet,
679 2774 871 2804 manum
894 2774 983 2805 rec
1009 2760 1185 2805 nullius
1209 2759 1436 2805 momenti
1462 2773 1575 2818 esse,
1603 2760 1776 2817 quippe

16 2854 18 2876 ;
121 2826 209 2861 uae
239 2821 323 2862 aut
355 2818 607 2877 scripturas
644 2819 857 2865 codicum
897 2820 1181 2865 deteriorum
1219 2820 1433 2864 intrudat
1470 2821 1555 2865 aut
1594 2820 1651 2864 de
1692 2834 1774 2864 suo

59 2821 240 2977 ami,
242 2876 351 2922 olet.
1444 2955 1508 2998 b*

44 2985 99 3071 *ἢ

53 3131 102 3184 6.
