1904 3184
175 635 201 675 5

148 1085 203 1124 10

148 1529 202 1569 15

148 2034 205 2074 20

151 2494 208 2534 25

235 132 343 185 110
805 134 1091 176 EUcmms
1123 133 1356 177 OPTIcA.

231 255 543 325 ηγούμενον
583 253 672 308 ἐπὶ
703 261 803 307 τοῦ
834 258 899 307 Ν
904 254 954 314 Ξ
986 255 1287 323 γενόμενον
1322 252 1469 317 δόξει
1510 252 1904 307 ἐπακολουθεῖν

231 344 294 396 τὸ
335 340 397 396 δὲ
428 346 548 396 AK
583 343 1007 397 ἐπακολουθοῦν
1040 341 1125 396 ἐπὶ
1157 349 1256 395 τοῦ
1290 345 1412 395 ΣΤ
1443 345 1743 412 γενόμενον
1782 341 1904 408 δόξε

231 439 615 504 προηγεῖσθαι.

1032 519 1141 574 να’.

342 624 469 679 Ἐάν
507 645 678 679 τινων
718 623 1042 696 φερομένων
1079 627 1353 678 πλειόνων
1392 624 1565 697 ἀνίσῳ
1606 625 1755 694 τάχει
1795 640 1904 695 συμ

232 714 619 787 παραφέρηται
673 713 761 768 ε’πὶ
806 715 873 767 τὰ
920 715 1060 768 αὐτὰ
1114 713 1205 767 καὶ
1252 715 1312 767 τὸ
1363 716 1533 783 ὄμμα,
1587 714 1653 766 τὰ
1699 711 1800 783 μὲν
1853 734 1904 788 tq

235 807 435 875 ὄμματι
479 807 746 874 ἰσοταχῶς
790 806 1068 875 φερόμενα
1111 803 1257 868 δόξει
1298 802 1544 871 ἑστάναι,
1591 804 1656 856 τὰ
1697 800 1758 856 δὲ
1795 806 1904 874 βρα

235 894 471 965 δύτερον
517 896 597 957 εἰς
642 894 972 948 τούναντίον
1019 892 1317 965 φέρεσθαι,
1372 894 1439 946 τὰ
1486 889 1547 945 δὲ
1593 898 1803 946 θᾶττον
1853 894 1904 946 εἰ

234 984 300 1036 τὰ
338 985 741 1054 προηγούμενα.

346 1071 605 1143 φερέσθω
630 1074 735 1143 γὰρ
761 1072 934 1145 ἀνίσῳ
959 1073 1110 1142 τάχει
1134 1073 1200 1125 τὰ
1218 1075 1282 1140 Β,
1302 1074 1363 1141 Γ,
1382 1077 1452 1139 Δ,
1547 1061 1613 1178 ΧΒ
1697 1062 1764 1116 1⁷
1874 1072 1904 1117 Δ

234 1159 326 1214 καὶ
365 1162 682 1233 βραδύτατα
720 1159 822 1232 μὲν
868 1161 1126 1232 φερέσθω
1165 1162 1227 1215 τὸ
1269 1165 1341 1229 Β,
1391 1162 1452 1214 τὸ

236 1247 296 1303 δὲ
338 1254 392 1303 Γ
424 1253 689 1321 ἰσοταχῶς
726 1259 802 1324 τῷ
844 1254 900 1303 Κ
934 1253 1158 1321 ὄμματι,
1205 1252 1266 1304 τὸ
1306 1247 1366 1303 δὲ
1398 1256 1453 1303 Δ

235 1345 446 1393 θᾶττον
484 1348 584 1393 τοῦ
619 1343 677 1394 Γ.
745 1340 850 1394 ἀπὸ
891 1337 950 1393 δὲ
990 1348 1090 1394 τοῦ
1123 1343 1179 1393 Κ
1213 1342 1454 1410 ὄμματος

235 1428 728 1500 προσπιπτέτωσαν
779 1429 993 1493 ἀκτῖνες
1047 1430 1109 1483 αἱ
1151 1432 1286 1497 ΚΒ,
1329 1431 1452 1496 ΚΓ,

235 1521 358 1571 ΚΔ.
422 1519 629 1572 οὐκοῦν
659 1527 735 1591 τῷ
763 1520 963 1589 ὄμματι
994 1521 1454 1590 παραφερόμενον
1720 1533 1799 1588 K

236 1609 297 1661 τὸ
333 1611 387 1661 Γ
416 1606 638 1662 ἑστάναι
670 1607 840 1677 δόξει,
879 1610 940 1662 τὸ
980 1605 1041 1662 δὲ
1075 1612 1122 1661 Β
1161 1608 1452 1662 ὑπολειπό-

236 1717 406 1767 μενον
438 1699 515 1760 εἰς
546 1697 876 1751 τούναντίον
904 1696 1194 1769 φέρεσθαι,
1226 1699 1287 1750 τὸ
1321 1694 1381 1750 δὲ
1405 1701 1476 1766 Δ,
1509 1696 1538 1750 ὃ
1563 1702 1774 1751 θᾶττον
1795 1694 1904 1752 ὑπό

235 1806 409 1840 κειται
448 1789 678 1856 τούτων,
711 1786 983 1858 φέρεσθαι
1007 1786 1154 1851 δόξει
1178 1789 1256 1850 εἰς
1287 1787 1700 1857 τοῦμπροσθεν·
1740 1791 1904 1842 πλεῖοε

236 1876 342 1946 γὰρ
383 1875 489 1930 ἀπὸ
528 1877 742 1930 τούτων
782 1876 1161 1945 ἀποστήσεται.

1035 2024 1142 2094 νβ’·
1898 2091 1900 2094 ,

347 2126 474 2182 Ἐάν
513 2148 683 2182 τινων
723 2127 1046 2199 φερομένων
1085 2129 1450 2198 διαφαίνηταί
1483 2149 1536 2182 τι
1583 2131 1655 2199 μὴ
1700 2105 1904 2201 φερόμί

238 2238 357 2287 νον,
398 2216 544 2282 δόξει
585 2219 645 2271 τὸ
684 2220 757 2287 μὴ
797 2220 1108 2289 φερόμενον
1145 2220 1223 2281 εἰς
1262 2219 1329 2271 τὰ
1365 2219 1602 2272 ὄπισθεν
1641 2217 1856 2289 φέρεσθ
1893 2206 1896 2230 ³

351 2306 610 2378 φερέσθω
649 2309 754 2377 γὰρ
794 2308 860 2359 τὰ
899 2311 970 2375 Β,
1005 2312 1082 2376 Δ,
1133 2306 1337 2376 μενέτω
1378 2304 1438 2360 δὲ
1482 2309 1543 2361 τὸ
1585 2310 1646 2376 Γ,
1692 2305 1785 2360 καὶ

238 2404 339 2450 τοῦ
379 2399 619 2467 ὄμματος
649 2395 1140 2467 προσπιπτέτωσαν
1173 2396 1388 2459 ἀκτῖνες
1419 2397 1480 2449 αἰ
1509 2399 1629 2465 ΖΒ,
1664 2399 1781 2466 ΖΓ,
1813 2399 1859 2450 Ζ
1886 2461 1887 2464 ¹

242 2486 450 2540 οὐκοῦν
495 2487 557 2539 τὸ
604 2483 704 2556 μὲν
743 2489 790 2538 Β
838 2488 1148 2556 φερόμενον
1194 2488 1381 2554 ἔγγιον
1424 2488 1574 2539 ἔσται
1613 2493 1712 2538 τοῦ
1755 2488 1814 2554 Γ,

242 2572 303 2628 δὲ
355 2580 411 2628 Δ
473 2575 802 2646 ἀποχωροῦν
862 2576 1234 2647 πορρώτερον·
1297 2577 1376 2637 εἰς
1435 2574 1764 2628 τούναντίον
1824 2574 1860 2628 ἄ

242 2663 513 2735 φέρεσθαι
553 2662 698 2729 δόξει
736 2666 797 2718 τὸ
840 2667 898 2717 Γ.

362 2801 402 2841 2.
435 2797 538 2856 τοῦ]
571 2796 623 2841 τό
654 2796 762 2841 Vass.
878 2801 918 2840 4.
952 2796 1055 2854 να’]
1089 2810 1176 2840 om.
1203 2810 1246 2852 v,
1278 2795 1353 2853 ξβ’
1378 2794 1434 2852 V,
1467 2794 1511 2847 ξ’
1537 2810 1597 2839 m.
1630 2799 1656 2838 2
1688 2794 1794 2839 Vass.

242 2853 418 2901 ἀνίσων
449 2872 492 2901 v.
646 2853 1085 2914 συμπαραφέρηται]
1120 2852 1533 2911 σνμπαραφέρεται
1562 2854 1616 2899 V.
1771 2857 1810 2898 9.

243 2958 384 3001 supra
417 2959 500 2990 scr.
526 2960 586 2990 m.
608 2950 630 2988 1
657 2945 764 2989 Vat.
860 2949 929 2988 11.
963 2944 1249 3003 βραδύτατα]
1283 2923 1502 3002 βραδύτῖῗ
1536 2943 1642 2988 Vah.
1735 2941 1787 2987 τό
