1904 3184
186 45 296 131 284
358 81 619 123 SCHOLIA
648 81 713 123 IN
743 80 1096 123 OPTICORUM
1125 81 1552 123 RECENSIONEM
1582 0 1904 200 THEONIS.!

807 230 895 284 Ad
932 249 1083 300 prop.
1122 229 1260 283 LIV.
1892 203 1904 313 ἐ

298 332 383 384 92.
422 330 601 385 ’Ἑστω
641 333 893 404 ὁρώμενα
923 333 991 385 τὰ
1022 337 1092 401 A,
1126 334 1180 385 Γ
1210 330 1297 385 ἐπὶ
1333 334 1702 404 παραλλήλων
1742 314 1904 386 ὄνταΙΙ

187 427 300 473 τῶν
345 424 481 489 ΑΒ,
522 423 624 474 ΓΔ
668 421 922 475 εὐθειῶν.
1013 420 1181 490 λέγω,
1236 421 1321 475 ὅτι
1373 423 1435 476 τὸ
1480 424 1669 493 πόρρω
1717 422 1778 474 τὸ
1823 426 1877 474 A

188 512 614 563 καταλείπεσθαι
662 509 823 575 δόξει.
907 513 1044 564 ἔστω
1092 511 1197 581 γὰρ

131 611 157 650 5
191 599 336 667 ὄμμα
374 599 436 651 τὸ
460 602 526 668 Ε,
566 597 664 669 ἀφ’
692 596 760 653 οὗ
790 598 1198 671 προσπιπτέτω-
1281 595 1331 647 Α
1810 591 1870 634 Β

192 699 298 739 σαν
350 685 566 751 ἀκτῖνες
614 689 677 742 αἱ
723 691 858 758 ΕΓ,
897 693 1032 758 EA,
1072 693 1200 757 EA,
1802 661 1808 774 Ι
1894 695 1895 698 ’

190 778 312 828 ΕΒ.
390 775 505 830 ε’πεὶ
558 774 662 832 οὖν
714 781 911 848 μείζων
964 776 1114 831 ἐστὶν
1166 777 1200 846 ἡ
1294 749 1413 840 FN
1824 739 1868 791 Δ

190 863 300 917 ὑπὸ
334 867 498 918 ΓΕΔ
528 874 624 936 τῆς
653 866 762 920 ὑπὸ
794 871 980 935 ΑΕΒ,
1019 869 1203 936 μεῖζον

191 953 299 1021 ἄρα
343 953 436 1007 καὶ
481 962 580 1008 τοῦ
619 960 730 1010 AB
775 957 838 1010 τὸ
879 959 980 1009 ΓΔ
1027 957 1203 1025 φανή-

103 1058 157 1097 10
191 1055 357 1096 σεται.
454 1044 805 1099 ὑπολείπεται
860 1048 966 1117 ἄρα
1019 1046 1081 1098 τὸ
1128 1050 1203 1098 A·

192 1131 347 1185 δοκεῖ
386 1133 492 1205 γὰρ
537 1135 882 1206 βραδύτερον
919 1133 1205 1206 φέρεσθαι.
1796 1132 1854 1179 Ε

253 1298 322 1339 92.
356 1294 450 1340 VR
462 1295 584 1354 (Vat.
597 1298 756 1353 qrtu).

313 1448 352 1489 2.
396 1443 472 1488 ἐπὶ
510 1445 814 1502 παραλλήλων
877 1442 951 1489 ἐπ’
990 1442 1182 1496 εὐθείας
1217 1443 1273 1489 V.
1427 1447 1466 1487 3.
1509 1441 1728 1500 εὐθειῶν]
1771 1439 1883 1485 ἴσων

196 1506 399 1550 εὐθειῶν
429 1504 538 1551 Vat.
661 1509 700 1550 9.
732 1445 837 1564 τοῦ]
868 1504 898 1562 ἡ
929 1503 997 1561 τό,
1028 1504 1057 1561 ἡ
1091 1517 1222 1562 eras„
1254 1503 1310 1548 V.
1431 1501 1504 1562 τό]
1537 1508 1619 1547 τοῦ
1650 1500 1705 1545 V.
1812 1504 1889 1546 10.2

194 1565 309 1610 Post
338 1569 375 1608 A
408 1578 523 1610 eras.
556 1570 598 1609 A
628 1564 685 1609 V.
