1904 3184
509 107 771 153 SCHOLIA
801 109 867 152 m
899 108 1287 153 CATOPTRmA.
1633 109 1742 162 355
1801 114 1810 117 “

46 225 297 282 τουτέστι
335 227 398 280 τὸ
430 225 538 280 ἀπὸ
570 232 624 280 A
632 231 698 296 E,
737 229 958 296 μείζονα
989 237 1100 282 τῶν
1131 228 1237 282 ἀπὸ
1273 231 1397 298 ΖΛ,
1422 232 1545 298 ΛΑ,
1583 248 1744 283 τουτ-

25 316 163 393 -ἐστι
201 323 301 369 τοῦ
341 316 446 370 ἀπὸ
490 320 614 369 ΖΑ.
676 318 873 385 μείζων
912 318 1019 388 ἄρα
1058 317 1091 385 ἡ
1123 322 1239 371 ΑΕ
1274 318 1467 371 εὐθεῖα
1504 327 1600 388 τῆς
1641 323 1743 372 ΖΑ

46 406 284 468 εὐθείας.
356 403 449 458 καὶ
487 402 742 474 τέτμηται
781 404 814 472 ἡ
848 410 901 457 Α
941 406 1068 474 δίχα
1106 414 1171 476 τῇ
1211 410 1351 460 ΛΚ·
1391 406 1488 460 ἐὰν
1527 404 1589 475 δὲ
1626 427 1744 478 τρι-

46 495 233 563 γώνου
270 493 304 562 ἡ
345 495 522 562 γωνία
561 493 689 561 δίχα
726 498 938 563 τμηθῇ,
985 494 1053 546 τὰ
1098 502 1195 564 τῆς
1232 495 1444 564 βάσεως
1491 498 1745 566 τμήματα

0 607 2 609 >
44 584 145 637 τὸν
191 583 363 636 αὐτὸν
417 584 526 651 ἔχει
580 584 749 650 λόγον
803 591 924 644 ταῖς
977 589 1077 645 τοῦ
1131 585 1401 653 τριγώνου
1453 589 1741 656 πλευραῖς·

0 660 9 711 ἶ
44 674 246 741 μείζων
292 673 399 742 ἄρα
444 669 538 724 καὶ
576 670 609 739 ἡ
650 674 766 723 ΕΚ
806 678 902 739 τῆς
941 674 1065 724 ΚΖ.
1143 671 1239 725 ἐὰν
1283 670 1344 726 δὲ
1389 672 1482 727 καὶ
1521 674 1667 745 ὀρθὴ
1706 674 1740 744 ἢ

0 759 9 835 ξ
45 761 279 830 ἀμβλεῖα
326 765 410 828 εἴη
457 759 491 828 ἡ
534 764 603 829 Ζ,
658 760 903 841 αὐτόθεν
948 758 981 828 ἡ
1029 759 1326 824 ἀπόδειξις·
1382 762 1443 816 ἐν
1487 765 1740 836 τριγώνῳ

44 850 150 920 γὰρ
190 857 268 922 τῷ
299 852 471 901 ΑΖΕ
507 848 691 918 ὀρθὴν
731 847 764 916 ἢ
804 847 1071 957 ἀμβλεῖαν
1106 851 1286 918 ἔχοντι
1325 852 1427 920 τὴν
1461 855 1505 904 Ζ
1544 855 1742 929 μείζων

0 891 242 1007 Ξὲσται
235 937 268 1007 ἡ
301 942 417 991 ΛΕ
452 946 548 1007 τῆς
580 943 633 990 A
645 941 705 990 Z
766 936 858 990 καὶ
897 936 1151 1007 τέτμηται
1191 939 1224 1008 ἡ
1257 945 1310 992 Α
1349 941 1476 1009 δίχα
1510 961 1575 1012 τη
1608 945 1741 1012 ΑΚ,

0 1010 16 1082 *⁵
43 1027 144 1082 ἐὰν
175 1026 236 1081 δὲ
266 1028 545 1098 τριγώνου
578 1029 752 1095 γωνία
785 1027 912 1096 δίχα
941 1033 1126 1098 τμηθῇ
1158 1026 1249 1081 καὶ
1271 1029 1338 1082 τα
1362 1027 1503 1099 ἑξῆς·
1542 1033 1740 1100 μείζων

2 1118 151 1188 ’ἄρα
189 1115 282 1170 καὶ
320 1116 354 1185 ἡ
394 1120 510 1170 ΕΚ
543 1124 639 1186 τῆς
678 1108 803 1169 ΚΖ.

5 1282 9 1292 ι
157 1222 242 1275 27.
297 1219 410 1274 Καὶ
449 1220 681 1329 ἀμβλεῖά
721 1219 871 1273 ἐστιν
916 1239 967 1289 Ρ.
1001 1221 1133 1291 318,
1175 1221 1268 1290 11]
1317 1221 1504 1291 ἐπειδὴ
1550 1222 1584 1292 ἡ
1632 1221 1739 1278 ἀπὸ

16 1318 144 1364 -.τοῦ
183 1309 416 1381 κέντρου
457 1308 546 1363 ἐπὶ
585 1311 686 1379 τὴν
725 1309 877 1379 ἁφὴν
917 1308 1340 1379 ἐπιζευγνυμένη
1380 1310 1563 1382 ὀρθὴν
1595 1323 1745 1367 ποιεῖ

17 1401 146 1470 ,ὴν
182 1400 292 1453 ὑπὸ
337 1402 525 1468 ΘΑΚ,
565 1397 712 1463 ὀξεῖα
751 1399 858 1469 ἄρα
896 1398 929 1468 ἡ
967 1398 1076 1452 ὑπὸ
1121 1401 1313 1458 ΘΚΑὲ
1361 1399 1592 1469 ἀμβλεῖα
1632 1402 1739 1474 ἄρα

39 1527 48 1531 -s
115 1489 225 1543 ὑπὸ
265 1492 452 1542 ΛΚΕ.

47 1636 51 1638 ,
157 1594 242 1647 28.
294 1594 519 1647 Οὐκοῦν
546 1592 652 1646 ἀπὸ
685 1600 785 1645 τοῦ
817 1599 1026 1662 κυρτοῦ
1058 1611 1108 1661 p.
1135 1593 1258 1663 318,
1285 1592 1377 1662 19]
1411 1592 1508 1647 ἐὰν
1538 1595 1643 1666 γὰρ
1675 1592 1738 1649 τὸ

24 1735 55 1742 ,,
104 1702 275 1753 ντρον
314 1685 577 1752 λαβόντες
621 1689 719 1752 τῆς
757 1683 998 1752 σφαίρας
1037 1680 1129 1734 ἀπ’
1166 1681 1339 1734 αὐτοῦ
1380 1681 1739 1754 ἐπιζεύξωμεν

61 1799 80 1817 -.
113 1770 132 1824 ὶ
163 1772 224 1825 τὸ
258 1771 543 1841 ὁρώμενον
580 1767 674 1823 καὶ
707 1769 1021 1839 ἐκβάλωμεν
1061 1770 1135 1832 ὡς
1168 1769 1227 1823 ἐν
1258 1779 1373 1833 τοῖς
1405 1772 1515 1842 πρὸ
1548 1772 1739 1842 αὐτοῦ,

64 1861 467 1931 εωρηθήσεται
505 1861 567 1913 τὸ
607 1863 720 1912 ΕΔ
759 1858 820 1912 ἐν
859 1860 1034 1931 γωνίᾳ
1072 1866 1138 1929 τῇ
1177 1859 1284 1913 ὑπὸ
1324 1863 1515 1931 ΑΒΓ,
1556 1862 1737 1934 ὥσπερ

29 1950 34 1987 ⁸
88 1948 135 2003 ὶ
181 1949 242 2004 ἐν
287 1958 405 2012 τοῖς
449 1951 854 2020 προλαβοῦσιν·
909 1948 976 2000 τὰ
1023 1948 1127 2018 γὰρ
1168 1947 1419 2019 ὁρώμενα
1455 1950 1636 2004 πάντα
1676 1950 1737 2005 ἐν

155 2143 241 2197 29.
282 2141 448 2213 Ὅπερ
490 2141 770 2196 ἀδύνατον
816 2161 867 2211 Ρ.
902 2142 1032 2211 320,
1074 2141 1166 2211 10]
1215 2140 1330 2195 ἐπεὶ
1373 2143 1478 2214 γὰρ
1525 2142 1559 2212 ἡ
1598 2145 1737 2215 πρὸς

167 2235 206 2285 I
247 2236 338 2300 ἴση
387 2230 502 2285 ἐστὶ
548 2240 613 2302 τῇ
659 2231 768 2284 ὑπὸ
816 2234 987 2283 ΧΑΕ
1031 2230 1125 2282 διὰ
1171 2230 1646 2302 τὴνάνοὲκλασιν,
1699 2232 1734 2302 ἡ

0 2319 27 2350 ”
99 2321 181 2385 ὸς
217 2329 294 2394 τῷ
327 2324 401 2374 Μ
430 2322 537 2391 ἄρα
577 2320 827 2374 ἐλάσσων
860 2317 1012 2372 ἐστὶν
1050 2327 1145 2388 τῆς
1175 2321 1314 2390 πρὸς
1343 2327 1419 2392 τῷ
1453 2323 1507 2372 Ι·
1547 2325 1734 2395 πολλῷ

8 2395 33 2470 '⁸⁴
86 2409 211 2464 εὀν
249 2411 357 2480 ἄρα
395 2418 491 2479 τῆς
527 2409 636 2463 ὑπὸ
680 2411 850 2462 ΓΑΒ.
1540 2430 1543 2431 ’

162 2634 231 2675 27.
264 2630 395 2687 V(q).
518 2633 588 2673 28.
622 2629 749 2684 V(q).
874 2631 943 2672 29.
978 2626 1076 2683 V(q
1101 2630 1266 2684 enan).

121 2858 203 2898 1.
234 2852 307 2913 τό]
339 2851 483 2897 ch.
585 2856 653 2896 15.
677 2849 941 2917 AKE]V‚
975 2852 1188 2907 ΚΑΕΡ.
1295 2855 1363 2895 23.
1399 2851 1733 2909 I]ecorr..V

45 2907 76 2955 's
115 2913 267 2972 A'E]
301 2915 349 2956 X
372 2911 641 2970 ponendum
673 2909 722 2953 in
753 2912 887 2967 parte
920 2908 1111 2953 sinistra
1143 2909 1333 2966 speculi.

1377 2984 1465 3028 23⁸¹

1803 596 1831 636 5

1772 1042 1832 1101 ιο

1771 1503 1828 1543 15

1767 1962 1827 2004 20

1766 2420 1824 2462 25
