1904 3184
111 612 138 652 5

86 1058 144 1098 10

91 1506 146 1547 15

94 2132 153 2172 20

166 124 241 177 40
739 127 1024 169 EUCLIDIS
1057 127 1289 170 OPTICA.

167 245 202 314 ἡ
234 250 358 315 ΕΖ,
396 244 489 299 καὶ
529 245 884 315 ἐκβεβλήσθω
917 248 978 300 τὸ
1011 247 1105 300 διὰ
1135 256 1248 300 τῶν
1280 249 1403 314 ΕΖ,
1435 250 1489 298 A
1498 249 1544 298 Β
1586 243 1864 297 ἐπίπεδον.

167 337 386 403 ποιήσει
425 331 529 388 οὖν
566 336 742 405 τομὴν
779 336 1002 388 κύκλον.
1078 337 1215 389 ἔστω
1256 334 1285 389 ὁ
1327 336 1570 401 ΓΕΖΔ
1615 330 1707 385 καὶ
1747 331 1863 384 ἐπε-

172 425 492 494 ζεύχθωσαν
531 425 593 476 αἱ
629 427 746 492 ΓΑ,
777 429 906 492 AA,
934 427 1064 493 ΔΒ,
1095 427 1217 493 ΒΓ
1252 426 1367 476 ΓΔ.
1431 423 1523 475 διὰ
1563 423 1631 491 δὴ
1663 422 1724 474 τὸ
1757 421 1865 490 πρὸ

172 513 346 567 αὐτοῦ
394 511 565 584 ὀρθαὶ
605 510 754 582 [μεν]
804 514 866 566 αἰ
898 514 1038 584 πρὸς
1075 522 1192 576 τ-οἴς
1233 515 1301 582 Γ,
1340 517 1394 565 A
1434 513 1691 581 σημείοις.
1770 508 1866 578 ἐφ-

173 602 438 656 άπτονται
485 602 591 672 ἄρα
638 602 701 654 αἱ
734 604 856 670 ΒΓ,
894 605 1025 671 BA,
1072 600 1278 664 αἵτινές
1315 603 1458 654 εἰσιν
1497 600 1735 667 ἀκτῖνες,
1774 596 1868 651 καὶ

173 690 428 761 βλέπεται
459 691 568 745 ὑπὸ
600 698 700 744 τοῦ
725 694 772 744 Β
806 693 1047 761 ὄμματος
1076 692 1138 745 τὸ
1165 693 1266 744 ΓΛ
1298 689 1460 760 μέρος
1491 697 1588 758 τῆς
1611 691 1867 758 σφαίρας.

173 781 622 851 μετακεκινήσθω
672 781 740 849 δὴ
794 781 856 834 τὸ
903 782 1050 850 ὄμμα
1096 782 1284 848 ἔγγιον
1340 787 1437 849 τῆς
1483 781 1723 848 σφαίρας
1775 774 1868 830 καὶ

175 872 311 923 ἔστω
344 870 406 922 τὸ
442 873 506 938 Θ,
547 867 643 939 ἀφ’
673 865 742 923 οὗ
774 869 1080 938 ἐπεζεύχθω
1114 869 1307 922 εὐθεῖα
1338 867 1370 936 ἡ
1408 871 1527 935 ΘΑ,
1568 865 1660 920 καὶ
1694 865 1867 936 [περι]

175 958 480 1030 γεγράφθω
520 958 720 1021 κύκλος
759 957 788 1012 ὁ
828 961 1021 1027 ΑΛΚ,
1059 956 1151 1011 καὶ
1191 957 1606 1026 ἐπεζεύχθωσαν
1644 956 1705 1008 αἱ
1743 957 1872 1022 ΘΚ,

175 1051 301 1117 ΚΑ,
332 1051 458 1116 ΑΛ,
491 1050 543 1100 Λ
555 1050 602 1099 Θ
639 1047 871 1100 εὐθεῖαι.
933 1047 1136 1116 ὁμοίως
1167 1047 1235 1115 δὴ
1267 1046 1376 1099 ὑπὸ
1407 1052 1508 1098 τοῦ
1545 1048 1592 1098 Θ
1630 1046 1872 1114 ὄμματος

175 1135 431 1207 βλέπεται
468 1133 570 1206 μὲν
600 1137 663 1190 τὸ
695 1139 802 1189 ΚΛ
840 1135 1004 1207 μέρος
1034 1144 1131 1204 τῆς
1162 1138 1419 1206 σφαίρας,
1456 1135 1564 1188 ὑπὸ
1598 1131 1658 1186 δὲ
1689 1140 1789 1186 τοῦ
1822 1136 1870 1185 Β

178 1225 431 1295 ἐβλέπετο
471 1226 533 1279 τὸ
576 1228 691 1279 ΓΔ.
768 1228 996 1279 ἔλαττον
1034 1222 1095 1278 δὲ
1134 1225 1196 1278 τὸ
1237 1227 1344 1277 ΚΛ
1382 1231 1482 1277 τοῦ
1524 1225 1639 1276 ΓΔ.
1701 1236 1871 1293 προσ-

179 1318 363 1378 ιόντος
417 1316 524 1385 ἄρα
577 1321 678 1367 τοῦ
733 1316 973 1384 ὄμματος
1020 1315 1247 1367 ἔλαττόν
1294 1312 1408 1366 ἐστι
1461 1313 1522 1365 τὸ
1571 1312 1871 1382 ὁρώμενον.

180 1406 336 1458 δοκεῖ
379 1401 439 1457 δὲ
479 1405 664 1473 μεῖζον
703 1405 1030 1472 φαίνεσθαι·
1084 1405 1281 1472 μείζων
1327 1403 1432 1471 γὰρ
1480 1401 1514 1470 ἡ
1559 1401 1667 1454 ὑπὸ
1707 1402 1876 1453 ΚΘΛ

179 1496 355 1563 γωνία
393 1501 489 1562 τῆς
525 1493 634 1547 ὑπὸ
677 1495 837 1546 ΓΒΔ
874 1495 1092 1561 γωνίας.

983 1748 1041 1782 κε
1068 1770 1079 1782 .

295 1854 557 1922 Σφαίρας
602 1850 696 1902 διὰ
743 1850 847 1902 δύο
894 1848 1155 1918 ὀμμάτων
1201 1847 1481 1918 ὁρωμένης
1535 1846 1631 1900 ἐὰν
1676 1844 1709 1914 ἡ
1758 1844 1878 1898 διά-

183 1959 379 2011 μετρος
416 1947 513 2009 τῆς
551 1941 792 2010 σφαίρας
832 1943 922 2007 ἴση
968 1935 1003 2010 ᾖ
1042 1947 1107 2009 τῇ
1147 1938 1364 2009 εὐθείᾳ,
1414 1935 1502 2006 ἐφ’
1545 1936 1616 2004 ἣν
1663 1934 1877 2001 διεστή-

183 2044 312 2083 κασι
357 2029 424 2082 τὰ
471 2030 686 2098 ὄμματα
734 2025 827 2080 ἀπ’
870 2027 1148 2097 ἀλλήλων,
1203 2028 1264 2080 τὸ
1305 2026 1670 2096 ἡμισφαίριον
1709 2023 1880 2092 αὐτῆς

184 2119 495 2189 ὀφθήσεται
534 2118 680 2172 ὅλον.

308 2403 348 2442 2.
384 2394 490 2456 οὖν]
523 2395 584 2452 δή
614 2395 769 2440 BVat.
781 2411 823 2439 v.
959 2394 1223 2453 ἐπεζεύχθω
1254 2394 1342 2438 Bv.
1489 2397 1528 2437 3.
1562 2394 1670 2466 AB]
1702 2396 1785 2436 AB
1815 2406 1879 2436 m.

250 2459 350 2517 ΓΛ]
385 2472 472 2502 om.
505 2457 604 2512 Bv,
643 2471 703 2499 m.
738 2461 763 2499 2
795 2455 903 2499 Vat.
1057 2459 1095 2499 5
1119 2412 1251 2512 χᾶρα]
1283 2453 1334 2497 in
1364 2467 1454 2497 ras.
1486 2453 1542 2509 V,
1584 2450 1636 2496 δέ
1667 2452 1876 2495 Βνῆᾐυν

249 2518 336 2562 εἰσι
366 2533 409 2562 v.
563 2521 601 2560 7.
641 2514 821 2591 ἔγγιον]
862 2528 975 2558 corr.
1009 2527 1066 2557 ex
1108 2513 1287 2570 ἔγγειον
1325 2513 1379 2556 V.
1533 2517 1572 2556 8.
1615 2511 1880 2569 ἐπεζεύχθω

190 2580 356 2622 εὐθεῖα
388 2577 417 2634 ἡ
454 2578 539 2621 ΘΑ
571 2572 678 2633 καί]
712 2589 822 2631 supr
823 2588 852 2618 a,
884 2578 1120 2618 scr.1n.2
1153 2573 1208 2617 V.
1332 2570 1720 2629 περιγεγραφθω]
1751 2585 1880 2626 περι-

190 2652 330 2695 supra
362 2650 445 2680 sor.
478 2650 537 2679 m.
572 2639 613 2690 2,
643 2633 887 2691 ευρροείίῡει
917 2632 1105 2689 lineola,
1137 2633 1192 2677 V
1345 2635 1383 2675 9.
1418 2631 1539 2675 Ante
1571 2630 1738 2680 κύκλος
1770 2628 1878 2673 add.

189 2697 296 2753 περὶ
333 2695 420 2752 τὴν
463 2697 547 2740 ΘΑ
586 2671 740 2738 1'3Vat.
751 2709 793 2737 v.
944 2692 1130 2750 κύκλος]
1163 2692 1336 2736 κύκλον
1367 2705 1410 2746 v,
1452 2694 1512 2744 Θ
1540 2690 1590 2734 Β.
1720 2687 1879 2746 ΑΛΚ]

189 2759 377 2801 ΑΛΘΚ
404 2770 472 2811 m,
516 2769 576 2797 m.
611 2757 637 2797 2
670 2753 828 2797 VVab.
982 2752 1244 2810 ἐπεζεύχθω
1283 2751 1372 2795 Bv.
1526 2754 1594 2794 10.
1637 2750 1802 2793 εὐθεῖα
1833 2761 1879 2803 v,

191 2829 339 2871 comp.
364 2815 415 2858 B.
513 2813 571 2871 Θ]
605 2826 746 2869 supra
778 2826 861 2856 ser.
886 2827 946 2855 m.
974 2816 997 2855 1
1023 2827 1066 2855 v.
1160 2815 1228 2855 11.
1260 2810 1363 2868 τοῦ]
1395 2815 1476 2866 τῆς
1506 2809 1662 2853 BVat.
1674 2823 1716 2852 v.
1810 2811 1880 2850 12.

193 2874 382 2946 ἔβλεπε
382 2874 493 2917 Vm.
589 2876 657 2916 15.
694 2872 840 2930 ΓΒΔ]
873 2875 1007 2915 ΚΒΑ
1037 2886 1097 2915 m.
1173 2874 1268 2945 τ16.
1301 2869 1395 2927 κε’]
1427 2886 1485 2925 κη
1495 2868 1588 2924 'V‚
1621 2868 1691 2920 κζ’
1717 2867 1824 2911 Vat.
1834 2879 1879 2909 v.

253 2937 320 2978 18.
354 2926 403 2992 ᾗ]
437 2945 577 2987 supra
610 2945 692 2975 sor.
725 2946 786 2975 m.
822 2937 845 2974 1
878 2931 930 2975 B.
1052 2929 1131 2987 ἣν]
1164 2925 1219 2984 ἧς
1248 2929 1402 2972 BVat.
1412 2943 1454 2973 v.
