1904 3184
114 614 141 654 5

88 1059 144 1098 10

93 1563 146 1603 15

90 2007 148 2047 20

93 2451 149 2491 25

170 128 243 181 90
739 125 1023 169 EUCLIDIS
1055 125 1286 169 OPTICA.

170 246 511 319 ὑποκειμένῳ
553 245 809 318 ἐπιπέδῳ,
849 244 996 315 ὄμμα
1035 241 1097 298 δὲ
1135 247 1270 298 ἔστω
1310 245 1372 297 τὸ
1407 246 1465 296 Γ.
1530 241 1620 296 καὶ
1651 241 1860 316 κέντρῳ

171 335 272 407 μὲν
318 345 393 409 τῷ
444 340 515 405 Β,
564 337 889 404 διαστήματι
937 331 998 387 δὲ
1043 341 1118 406 τῷ
1160 335 1274 386 ΒΓ
1317 334 1516 395 κύκλος
1560 332 1862 402 γεγράφθω

172 426 201 480 ὁ
244 428 363 479 ΓΔ.
440 424 606 493 λέγω,
661 424 770 492 ὅτι,
818 423 914 476 ἐὰν
959 425 1117 492 μεθί-
1894 387 1904 447 ε

173 529 363 584 στήται
387 515 448 567 τὸ
474 516 527 567 Γ
552 511 638 566 ἐπὶ
662 521 759 582 τῆς
786 520 886 565 τοῦ
909 513 1116 565 κύκλου
1442 570 1445 571 ⁷
1498 508 1550 558 Α
1898 514 1904 541 ¹

172 605 545 674 περιφερείας,
598 607 721 655 ἴσον
770 600 853 655 ἀεὶ
898 602 960 655 τὸ
1007 605 1117 654 ΑΒ

174 694 492 762 φανήσεται.
560 698 724 744 τοῦτο
772 688 833 744 δὲ
872 693 1118 760 φανερόν

175 781 338 835 ἐστιν.
403 789 574 834 πᾶσαι
604 781 710 851 γὰρ
737 781 798 833 αἱ
818 778 924 833 ἀπὸ
949 787 1048 832 τοῦ
1075 782 1128 832 Γ
1463 774 1513 823 Β

176 872 404 940 σημείου
465 871 604 940 πρὸς
663 870 726 923 τὸ
782 873 896 922 AB
949 882 1118 938 προσ-

173 962 473 1013 πίπτουσαι
497 959 712 1022 ἀκτῖνες
727 959 865 1030 πρὸς
884 963 1004 1020 ἴσας
1020 978 1121 1026 γω-

175 1052 298 1112 νίας
327 1050 788 1119 προσπίπτουσιν,
828 1047 1116 1116 ἐπειδήπερ
1900 1091 1904 1122 ¹3

176 1137 209 1206 ἡ
256 1139 394 1209 πρὸς
440 1146 515 1210 τῷ
555 1141 601 1190 Β
650 1139 824 1205 γωνία
871 1136 1017 1207 ὀρθή
1062 1136 1225 1199 ἐστιν.
1305 1141 1428 1189 ἴσον
1467 1137 1573 1205 ἄρα
1620 1135 1680 1187 τὸ
1730 1133 1904 1205 ὁρώ-.

176 1246 345 1296 μενον
384 1225 708 1295 ὀφθήσεται.
1896 1239 1904 1291 j

972 1357 1085 1428 μβ’·

297 1466 407 1516 Τοῦ
446 1461 731 1533 ὁρωμένου
771 1461 1051 1533 μένοντος,
1091 1469 1190 1516 τοῦ
1231 1460 1292 1515 δὲ
1331 1460 1575 1532 ὄμματος
1610 1464 1904 1530 μεθιστα-Ἵ

179 1551 348 1622 μένου
394 1551 513 1605 κατ’
559 1553 788 1606 εὐθεῖαν
836 1553 1092 1623 γραμμὴν
1144 1554 1385 1619 πλαγίαν
1438 1551 1575 1621 πρὸς
1621 1550 1682 1602 τὸ
1732 1548 1869 1619 ὁρώ-

179 1660 347 1711 μενον
394 1639 629 1710 μέγεθος
675 1637 851 1695 οὖσαν
896 1637 1028 1694 ποτε
1070 1637 1170 1710 μὲν
1211 1645 1359 1708 ἴσον,
1405 1637 1535 1692 ποτὲ
1576 1636 1635 1691 δὲ
1676 1639 1871 1691 ἄνισον
1898 1710 1904 1714 ,.

179 1730 241 1783 τὸ
281 1729 564 1800 ὁρώμενον
605 1732 876 1799 φαίνεται.
1902 1761 1904 1771 ·

290 1821 426 1871 ἔστω
468 1818 751 1890 ὁρώμενον
784 1816 884 1888 μὲν
915 1819 976 1872 τὸ
1009 1821 1136 1887 ΑΒ,
1178 1817 1350 1888 [ὄμμα
1383 1815 1442 1870 δὲ
1474 1818 1535 1870 τὸ
1568 1817 1646 1887 Ε]
1681 1817 1904 1895 εὐθεῖαέ

180 1904 242 1960 δὲ
294 1911 499 1975 πλαγία
552 1908 584 1977 ἡ
628 1911 752 1977 ΓΔ,
806 1906 898 1961 καὶ
955 1909 1455 1978 προσεκβεβλήσθω
1510 1914 1575 1977 τῇ
1628 1909 1731 1959 ΒΑ
1785 1897 1904 1959 ἐπ’

179 1996 402 2059 εὐθείας
448 1996 481 2065 ἡ
530 1999 630 2049 ΓΑ
681 1995 774 2050 καὶ
825 1994 1179 2066 συμβαλλέτω
1230 2005 1294 2067 τῇ
1341 2001 1396 2049 Δ
1407 1998 1460 2049 Γ
1504 1995 1642 2049 κατὰ
1698 1995 1759 2048 τὸ
1809 1996 1904 2062 Γ,-

178 2082 271 2138 καὶ
317 2084 676 2154 μεθιστάσθω
718 2083 802 2139 ἐπ’
839 2085 1008 2155 αὐτῆς
1050 2087 1112 2139 τὸ
1153 2084 1314 2155 ὄμμα.
1399 2082 1565 2154 λέγω,
1613 2084 1696 2137 ὅτι
1742 2080 1904 2136 ποτὲε

180 2170 280 2243 μὲν
322 2178 469 2243 ἴσον,
515 2171 646 2227 ποτὲ
686 2171 747 2227 δὲ
786 2175 982 2227 ἄνισον
1021 2177 1276 2244 φαίνεται
1314 2175 1376 2227 τὸ
1416 2178 1470 2227 Α
1480 2177 1541 2227 Β.
1619 2157 1900 2242 εἰλήφθωι

180 2265 285 2335 γὰρ
332 2272 444 2316 τῶν
492 2265 620 2332 ΒΓ,
662 2265 763 2316 ΓΑ
815 2261 950 2332 μέση
1002 2263 1278 2332 ἀνάλογον
1332 2262 1365 2331 ἡ
1415 2265 1541 2331 ΓΕ,
1594 2261 1687 2315 καὶ
1734 2260 1904 2315 ἔστωῗ

182 2352 328 2423 ὄμμα
367 2354 429 2406 τὸ
461 2356 514 2405 Ε
548 2349 640 2404 καὶ
672 2353 1117 2421 μετακεκινήσθω
1156 2350 1249 2405 καὶ
1281 2353 1418 2405 ἔστω
1459 2350 1546 2404 ἐπὶ
1577 2359 1672 2420 τῆς
1703 2351 1898 2420 αὐτῆς,

181 2443 404 2505 εὐθείας
441 2441 579 2493 κατὰ
616 2441 678 2494 τὸ
710 2446 780 2493 Δ.
842 2439 1000 2509 λέγω,
1040 2441 1123 2494 ὅτι
1161 2441 1222 2494 τὸ
1262 2441 1368 2493 ὑπὸ
1401 2449 1513 2493 τῶν
1544 2444 1609 2509 Ε,
1639 2445 1695 2492 Δ
1733 2439 1891 2511 ὁρώ-’

180 2550 349 2600 μενον
388 2531 584 2583 ἄνισον
623 2532 893 2600 φαίνεται.
957 2530 1372 2600 ἐπεζεύχθωσαν
1411 2529 1625 2583 εὐθεῖαι
1657 2530 1719 2582 αἱ
1743 2534 1796 2582 Α
1805 2533 1868 2598 Ε,

301 2697 340 2736 1.
372 2688 589 2747 κέντρον,
623 2703 736 2735 corr.
769 2706 829 2735 m.
864 2695 904 2747 2,
939 2690 1111 2735 VanA.
1233 2695 1273 2734 2.
1309 2689 1363 2748 B]
1396 2693 1432 2732 A
1463 2690 1673 2734 Vat.Av.
1796 2705 1870 2747 γε·

180 2750 403 2810 γράφθω]
438 2751 462 2796 ὁ
486 2756 538 2809 ξΐε
563 2748 766 2807 γράφθω
791 2750 913 2807 Vah„
948 2750 1030 2794 sed
1055 2764 1192 2805 con.;
1227 2749 1250 2794 ὁ
1275 2747 1532 2806 γεγράφθω
1557 2765 1599 2795 V.
1699 2753 1739 2793 4.
1765 2756 1847 2793 τοῦ

182 2824 269 2856 om.
303 2826 345 2855 V.
477 2816 514 2856 7.
550 2809 644 2854 ἐστι
674 2809 889 2854 Vat.mv.
1038 2814 1105 2853 10.
1138 2806 1511 2864 προσπίπτουσαι
1542 2823 1583 2853 V.
1709 2813 1776 2853 11.
1811 2812 1847 2852 Β

181 2882 293 2914 corr.
322 2883 378 2914 ex
411 2873 456 2913 Γ
479 2870 586 2914 Vat.
711 2874 778 2914 13.
814 2869 916 2928 μβ’]
951 2883 1038 2913 om.
1064 2884 1106 2925 v,
1141 2868 1221 2913 να’
1247 2867 1302 2924 V,
1335 2868 1424 2923 μθ’
1451 2883 1510 2913 m.
1538 2873 1563 2911 2
1595 2867 1702 2912 Vat.
1799 2871 1866 2911 15.

180 2927 251 2986 τό]
283 2933 345 2988 τῷ
376 2945 418 2973 v.
558 2933 625 2973 17.
660 2926 881 2987 φαίνεται
911 2928 963 2973 τὸ
998 2928 1234 2984 ὁρώμενον
1265 2942 1324 2971 m.
1464 2930 1531 2971 18.
1565 2925 1669 2986 μέν]
1703 2940 1789 2971 om.
1824 2941 1895 2970 v„
