1904 3184
494 89 756 132 SCHOLIA
786 91 852 133 IN
881 87 1272 135 CATOPTRICA.
1618 90 1725 144 359

141 209 231 262 48.
286 211 511 273 Μείζων
551 207 702 262 ἐστὶν
740 209 774 278 ἡ
813 212 919 262 ΒΖ
957 228 1009 279 Ρ.
1041 211 1167 281 334,
1200 210 1295 280 15]
1336 210 1430 263 διὰ
1468 219 1580 264 τῶν
1620 210 1725 266 ἀπὸ

31 298 107 361 ὡς
134 297 206 351 ε’ν
243 306 319 370 τῷ
360 295 457 351 λε’.

140 402 228 454 49.
285 404 717 470 Συμπεσοῦνται
764 402 871 472 ἄρα
916 421 967 472 p.
1008 403 1141 474 334,
1182 402 1275 473 17]
1324 410 1513 473 κοινῆς
1557 418 1725 475 προσ-

27 488 281 560 κειμένης
319 496 417 558 τῆς
452 489 561 542 ὑπὸ
604 492 793 542 ZAH.

139 592 226 647 50.
289 592 650 664 Παράλληλοι
695 592 802 663 γάρ
850 594 993 646 εἰσιν
1037 613 1088 662 Ρ.
1129 594 1261 664 334,
1302 594 1404 664 22]
1453 593 1566 649 ἐπεὶ
1612 596 1718 668 γὰρ
1780 606 1806 646 5

30 684 134 736 δύο
173 683 236 736 αἱ
269 686 430 735 ΒΛΖ
477 679 644 735 δυσὶν
690 691 811 744 ταῖς
852 685 951 735 ΓΛ
963 686 1007 735 Ζ
1056 687 1194 752 ἴσαι,
1242 682 1381 736 ἀλλὰ
1417 682 1515 737 καὶ
1548 687 1725 753 γωνία
1847 683 1850 686 ’

30 778 143 841 ἴση·
189 771 335 843 ὀρθὴ
367 772 473 842 γὰρ
514 769 762 842 ἑκατέρα·
800 770 892 824 καὶ
931 774 1108 839 γωνία
1138 771 1171 840 ἡ
1203 772 1312 826 ὑπὸ
1347 776 1454 826 ΛΒ
1466 777 1511 826 Ζ
1550 777 1726 847 γωνίᾳ

26 869 92 932 τῇ
130 860 239 914 ὑπὸ
281 863 333 914 Λ
346 863 449 914 ΓΖ
499 865 603 929 ἴση.
682 862 833 914 ἔστιν
873 859 935 914 δὲ
972 859 1064 914 καὶ
1103 861 1136 930 ἡ
1175 861 1284 915 ὑπὸ
1324 865 1489 915 ΑΒΛ
1530 868 1619 932 ἴση
1658 871 1724 934 τῇ

25 949 135 1003 ὑπὸ
182 952 368 1003 ΑΓΛ·
426 950 565 1003 ὥστε
611 951 774 1019 λοιπὴ
821 949 854 1018 ἡ
905 949 1014 1003 ὑπὸ
1062 954 1232 1003 ΠΒΑ
1286 955 1449 1022 λοιπῇ
1504 960 1569 1023 τῇ
1613 951 1723 1006 ὑπὸ

31 1040 189 1091 ΘΓΑ
229 1043 319 1106 ἴση
360 1038 454 1091 διὰ
492 1039 554 1091 τὸ
594 1037 852 1109 τέτρασιν
892 1038 1094 1110 ὀρθαῖς
1134 1044 1255 1102 ἴσας
1294 1036 1436 1093 εἶναι
1477 1042 1575 1104 τὰς
1611 1040 1720 1095 ὑπὸ
1755 1052 1810 1092 10

26 1130 203 1180 ΠΑΒ
245 1132 335 1195 ἴση
374 1136 440 1198 τῇ
478 1128 617 1180 κατὰ
655 1130 928 1198 κορυφήν.
985 1127 1082 1181 ἐὰν
1114 1125 1176 1181 δὲ
1208 1129 1311 1182 δύο
1343 1132 1586 1200 τρίγωνα
1619 1130 1722 1183 δύο

26 1219 235 1285 γωνίας
281 1217 384 1269 δύο
431 1219 660 1285 γωνίαις
709 1222 831 1280 ἴσας
878 1220 972 1288 ἔχῃ
1018 1215 1110 1270 καὶ
1149 1219 1214 1270 τὰ
1254 1216 1395 1287 ἑξῆς·
1454 1223 1577 1272 ἴσον
1615 1220 1722 1291 ἄρα

26 1307 89 1359 τὸ
130 1309 235 1358 BA
243 1309 308 1358 Π
339 1307 615 1376 τρίγωνον
652 1311 728 1378 τῷ
774 1307 947 1358 ΘΑΓ
977 1306 1245 1378 τριγώνω.
1322 1307 1515 1359 κοινὸν
1551 1321 1722 1379 προσ-

23 1397 233 1448 κείσθω
276 1395 338 1448 τὸ
379 1396 564 1447 ΒΑΓ·
619 1394 682 1447 τὸ
722 1397 892 1447 ΠΓΒ
939 1395 1047 1465 ἄρα
1085 1414 1161 1448 τω
1205 1397 1375 1448 ΘΒΓ
1415 1400 1552 1449 ἴσον.
1629 1399 1726 1450 καί

24 1486 168 1537 εἰσιν
208 1483 297 1537 ἐπὶ
335 1491 432 1552 τῆς
470 1483 640 1552 αὐτῆς
678 1483 890 1552 βασεως
920 1491 1016 1553 τῆς
1047 1488 1111 1537 Π
1118 1487 1190 1537 Θ
1229 1484 1631 1556 παραλληλος’
1610 1488 1716 1563 αρα
1750 1497 1802 1537 15

0 1556 58 1643 ἡ
98 1576 212 1626 ΒΓ
239 1581 306 1644 τῇ
346 1576 477 1626 ΠΘ.

0 1684 6 1749 ἐ
137 1678 221 1731 51.
277 1679 502 1742 Μείζων
540 1678 646 1749 γὰρ
686 1677 719 1746 ἡ
752 1681 881 1730 MA
926 1697 975 1748 p.
1017 1679 1140 1747 336,
1174 1677 1230 1748 2]
1273 1676 1388 1732 ἐπεὶ
1422 1680 1719 1747 ἰσογώνιόν

0 1765 141 1837 ’[ἐστι
187 1767 249 1819 τὸ
289 1769 489 1820 ΠΑΜ
529 1769 806 1837 τρίγωνον
851 1774 927 1840 τῷ
970 1771 1135 1820 ΑΒΛ
1181 1768 1459 1840 τριγώνῳ·
1516 1769 1578 1821 αἱ
1617 1765 1719 1838 μὲν

0 1848 196 1932 Ρμὸρθαὶ
242 1855 429 1908 αὐτῶν
476 1860 615 1924 ἴσαι,
669 1854 703 1924 ἡ
753 1852 814 1908 δὲ
859 1856 998 1926 πρὸς
1043 1863 1118 1928 τῷ
1158 1858 1217 1908 Κ
1257 1865 1322 1927 τῇ
1368 1856 1477 1910 ὑπὸ
1525 1861 1727 1911 ΠΑΜ

0 1917 162 1998 bonav&
201 1945 267 1997 τὰ
306 1945 413 2013 ἤδη
453 1944 766 2014 ὃειχθέντα’
809 1946 972 2014 λοιπὴ
1013 1946 1119 2016 ἄρα
1157 1952 1223 2015 τῇ
1256 1949 1418 2015 λοιπῇ
1453 1951 1565 2015 ἴση·
1605 1955 1717 2000 τῶν
1749 1957 1805 1998 20

25 2030 87 2087 δὲ
136 2035 447 2102 ἰσογωνίων
494 2033 772 2102 ἀνάλογον
818 2035 881 2087 αἱ
913 2032 1147 2106 πλευραὶ
1193 2035 1256 2087 αἱ
1290 2033 1415 2106 περὶ
1461 2035 1559 2098 τὰς
1597 2040 1719 2099 ἴσας

20 2111 24 2115 ’
61 2126 246 2192 ωνίας,
286 2125 437 2177 ἔστιν
476 2124 600 2194 ἄρα,
640 2124 714 2186 ὡς
750 2123 784 2192 ἡ
817 2127 957 2176 ΠΜ
986 2125 1125 2195 πρὸς
1156 2127 1292 2192 MA,
1332 2124 1509 2187 οὕτως
1546 2124 1579 2193 ἡ
1615 2128 1718 2178 ΒΛ

64 2212 161 2282 ρὸς
201 2215 322 2265 ΛΑ.
395 2210 487 2265 καὶ
527 2211 781 2280 ἐναλλάξ,
828 2212 902 2275 ὡς
944 2212 977 2281 ἡ
1018 2216 1157 2265 ΠΜ
1193 2214 1331 2285 πρὸς
1369 2217 1494 2283 ΒΛ,
1541 2213 1719 2278 οὕτως

8 2308 11 2314 “
96 2304 217 2354 MA
255 2302 394 2371 πρὸς
426 2304 547 2354 ΑΛ.
610 2303 807 2370 μείζων
847 2298 908 2354 δὲ
947 2301 981 2370 ἡ
1022 2304 1162 2355 ΠΜ
1192 2309 1287 2371 τῆς
1325 2305 1449 2355 ΒΛ·
1491 2301 1714 2372 ἐδείχθη

0 2432 2 2452 ;
39 2389 152 2468 ’ἄρ’
192 2388 284 2443 καὶ
322 2389 355 2458 ἡ
397 2394 515 2443 MA
555 2391 662 2461 ἄρα
700 2397 797 2459 τῆς
835 2393 957 2443 ΑΛ.
1747 2402 1803 2443 25

142 2525 212 2565 48.
247 2521 364 2576 Vq'.
487 2526 557 2566 49.
591 2522 645 2566 V.
771 2525 841 2565 50.
875 2521 1003 2578 V(q).
1129 2526 1196 2566 51.
1231 2522 1360 2578 V(q).

8 2682 21 2718 ¹.
59 2711 65 2715 ἢ
143 2661 183 2701 4.
230 2657 396 2715 ZAH]
435 2659 581 2700 ΖΛΠ
606 2656 660 2700 V.
817 2661 855 2701 7.
897 2656 1058 2715 ΑΒΖ]
1094 2659 1227 2700 ΑΖΒ
1259 2656 1313 2701 V.
1467 2659 1507 2699 8.
1548 2657 1712 2715 ΑΓΖ]

8 2715 10 2717 ’
78 2718 174 2759 ΓΗ
202 2715 256 2759 V.
404 2721 471 2760 10.
505 2714 606 2774 τάς]
640 2714 716 2758 hic
750 2714 933 2771 aliquid
966 2714 1142 2759 excidit
1173 2718 1206 2770 (.
1229 2753 1237 2761 .
1259 2751 1296 2760 ..
1334 2715 1426 2759 ἔστι
1458 2713 1507 2759 δὲ
1541 2715 1621 2760 καὶ
1651 2716 1712 2773 ἡ).

84 2774 289 2834 12.,ἔχῃ]
323 2774 415 2833 ἔχει
446 2775 500 2819 V.
597 2779 663 2819 13.
698 2774 861 2819 κοινὸν
894 2773 1208 2834 προσκείσθω]
1240 2774 1314 2818 bis
1338 2775 1392 2819 V.
1492 2779 1561 2820 15.
1597 2776 1711 2834 ΠΘ]

84 2834 190 2878 buit
222 2837 319 2880 ΒΓ.
429 2838 497 2879 18.
532 2836 677 2893 ΑΒΛ]
704 2837 850 2878 ἈΒΓ
875 2835 929 2879 V.
1052 2839 1122 2879 25.
1157 2835 1274 2893 MA]
1309 2838 1454 2879 ΜΑΛ
1485 2834 1541 2879 V.
1632 2841 1714 2891 τῆς

16 2903 22 2911 ”
110 2894 128 2953 ]
163 2901 219 2953 τῇ
255 2897 379 2939 ΓΑΛ
409 2894 465 2940 V.
