1904 3184
107 1111 162 1150 10

109 1559 164 1598 15

108 2093 165 2133 20

108 2537 164 2576 25

199 133 307 186 104
768 133 1052 179 EUCLIDIS
1085 133 1315 176 OPTICA.

984 281 1089 352 μζ·

303 386 434 441 Εἰσὶ
475 390 633 441 τόποι
672 385 841 455 τινές,
889 385 949 439 ἐν
987 379 1070 449 οἷς
1108 393 1207 439 τοῦ
1247 388 1486 456 ὄμματος
1524 386 1782 450 τεθέντος
1820 388 1885 440 τὰ

195 479 359 531 ἄνισα
397 475 604 547 μεγέθη
641 477 719 538 εἰς
750 476 811 528 τὸ
844 474 979 528 αὐτὸ
1012 473 1351 528 συντεθέντα
1386 480 1475 528 ἴσα
1508 474 1740 548 ἑκατέρω
1773 486 1885 530 τῶν

195 566 404 620 ἀνίσων
443 566 762 636 φανήσεται.

305 658 440 709 ἔστω
479 656 583 726 γὰρ
623 657 820 725 μείζων
862 657 896 726 ἡ
924 658 1036 708 ΒΓ
1065 661 1161 722 τῆς
1200 657 1317 723 ΓΔ,
1355 653 1446 708 καὶ
1484 652 1608 726 περὶ
1639 656 1736 718 τὰς
1766 658 1812 707 Β
1825 657 1886 724 Γ,

195 747 294 798 ΓΔ
340 744 634 814 ἡμικύκλια
682 746 1092 817 γεγράφθωσαν
1147 744 1238 799 καὶ
1283 743 1408 814 περὶ
1455 745 1590 813 ὅλην
1628 746 1727 814 τὴν
1766 748 1887 798 ΒΔ.

194 835 402 888 οὐκοῦν
450 839 540 903 ἴση
587 834 621 904 ἡ
670 834 731 888 έν

193 931 267 996 τῷ
315 926 490 976 ΒΑΔ
539 923 732 993 ἡμικυ-

194 1015 327 1086 κλίῳ
364 1015 540 1080 γωνιά
571 1021 636 1083 τῇ
670 1012 730 1066 έν

194 1110 269 1174 τῷ
324 1104 520 1155 ΒΚΓ·
583 1101 729 1173 ὀρθὴ

194 1191 298 1261 γάρ
330 1190 479 1245 ἐστιν
504 1189 729 1262 ἑκατέρα

194 1280 393 1333 αὐτῶν.
480 1286 569 1350 ἴση
625 1283 730 1350 ἄρα

194 1372 450 1438 φαίνεται
518 1371 551 1440 ἡ
620 1374 667 1423 Β
688 1373 741 1424 Γ
810 1404 864 1455 B
1490 1408 1550 1455 Ι,
1816 1404 1870 1455 Δ

193 1466 259 1529 τῇ
291 1462 410 1512 BA.
472 1459 733 1524 ὡσαύτως

197 1545 258 1601 δὲ
302 1547 395 1601 καὶ
441 1548 474 1617 ἡ
514 1553 628 1603 BA
674 1558 738 1621 τῇ
788 1553 890 1603 ΓΔ
935 1559 1047 1603 τῶν
1093 1549 1352 1620 ὀμμάτων
1399 1547 1487 1603 ἐπὶ
1534 1557 1646 1601 τῶν
1694 1551 1887 1617 BAA,

197 1639 357 1690 ΓΖΔ
395 1636 736 1707 ἡμικυκλίων
774 1637 1054 1709 κειμένων.
1133 1641 1244 1691 εἰσί
1277 1658 1422 1702 τινες
1460 1639 1566 1708 ἄρα
1604 1639 1786 1705 τόποι,
1827 1635 1888 1689 ἐν

196 1719 279 1790 οἷς
326 1727 392 1779 τὰ
439 1728 604 1780 ἄνισα
650 1727 856 1798 μεγέθη
905 1729 1007 1781 δύο
1061 1729 1140 1791 εἰς
1193 1727 1359 1781 ταύτὸ
1408 1725 1746 1781 συντεθέντα
1795 1731 1887 1780 ἴσα

196 1813 429 1888 ἑκατέρῳ
469 1825 581 1869 τῶν
619 1816 829 1870 ἀνίσων
868 1819 1137 1886 φαίνεται.

981 1986 1054 2035 μη
1081 2007 1092 2018 ·

308 2068 517 2139 Εὑρεῖν
555 2071 774 2138 τόπους,
814 2067 911 2138 ἀφ’
949 2065 1027 2123 ὧν
1059 2070 1120 2122 τὸ
1162 2074 1285 2122 ἴσον
1315 2067 1549 2138 μέγεθος
1579 2068 1748 2137 ἥμισυ
1780 2087 1887 2136 φα-

195 2167 371 2212 νεῖται
410 2157 443 2226 ἢ
483 2156 743 2228 τέταρτον
782 2156 944 2228 μέρος
983 2157 1016 2227 ἢ
1053 2161 1303 2212 καθόλου
1345 2157 1404 2211 έν
1439 2165 1513 2230 τῷ
1547 2159 1710 2229 λόγῳ,
1750 2155 1810 2210 ἐν
1841 2150 1887 2229 ᾦ

196 2245 288 2300 καὶ
326 2247 360 2316 ἡ
399 2250 574 2315 γωνιά
613 2245 877 2316 τέμνεται.

309 2339 445 2390 ἔστω
497 2341 620 2390 ἴσον
662 2337 723 2389 τὸ
764 2341 817 2388 Α
829 2340 873 2388 Ζ
920 2344 995 2408 τῷ
1035 2339 1163 2404 ΒΓ,
1217 2334 1308 2389 καὶ
1346 2333 1471 2405 περὶ
1510 2336 1610 2404 τὴν
1649 2339 1703 2387 Α
1715 2338 1759 2387 Ζ
1797 2354 1885 2403 γε·

197 2426 437 2496 γράφθω
493 2425 842 2495 ἡμικύκλιον,
903 2423 995 2478 καὶ
1048 2425 1350 2495 γεγράφθω
1414 2424 1474 2478 ἐν
1528 2424 1675 2495 αὐτῷ
1738 2422 1884 2493 ὀρθὴ

197 2517 372 2583 γωνία
410 2514 442 2584 ἡ
475 2517 547 2566 Κ·
599 2521 663 2584 τῇ
704 2511 764 2567 δὲ
803 2518 913 2567 ΑΖ
954 2519 1044 2582 ἴση
1084 2516 1219 2567 ἔστω
1260 2512 1292 2581 ἡ
1332 2516 1452 2582 ΒΓ,
1491 2511 1583 2566 καὶ
1619 2510 1745 2583 περὶ
1783 2513 1887 2581 τὴν

319 2652 356 2691 1.
391 2646 485 2719 μζ]
512 2660 600 2690 om.
617 2661 660 2702 v,
687 2662 742 2702 νη
753 2645 858 2701 '‚V
856 2661 927 2692 νς
938 2645 1026 2689 'm.
1047 2645 1197 2689 2Vat.
1290 2649 1329 2689 2.
1355 2642 1594 2702 τεθέντος]
1618 2641 1814 2700 τέθηται
1838 2632 1904 2687 παῖ

257 2710 297 2750 3.
332 2704 615 2762 συντέθηται
644 2719 686 2749 v.
795 2709 835 2749 5.
868 2705 897 2761 ἡ
932 2708 1023 2771 ΒΓ
1048 2702 1212 2761 μείζων
1243 2703 1350 2750 Vat.
1361 2719 1391 2747 v
1423 2705 1593 2759 (μεῖζον
1617 2700 1904 2819 V)·2'029}1‘

198 2779 312 2809 corr.
347 2779 403 2809 ex
433 2772 514 2822 τῆς
544 2765 599 2809 V
723 2765 837 2822 ΒΓ]
874 2768 918 2807 Γ
941 2763 991 2807 in
1022 2778 1111 2808 ras.
1144 2779 1186 2807 v.
1310 2769 1349 2807 6.
1382 2763 1601 2820 ἡμικυκλῖ
1629 2777 1670 2806 v.
1781 2765 1862 2804 BA
1899 2765 1904 2812 Ι

197 2839 256 2880 m,
275 2828 384 2868 ΒΓ
408 2825 564 2870 VVat.
577 2826 682 2881 νᾶ).
778 2828 817 2868 9.
850 2824 924 2882 τῇ]
958 2837 1070 2868 corr.
1098 2837 1154 2867 ex
1184 2822 1269 2879 τήν
1299 2822 1354 2866 V
1451 2827 1518 2865 13.
1554 2821 1814 2878 φανήσεται
1837 2834 1881 2864 v.

259 2885 373 2942 ΒΓ]
408 2887 501 2927 ΒΓ
524 2891 579 2942 τῇ
613 2886 706 2927 ΒΓ
729 2898 771 2926 V.
918 2888 985 2927 14.
1026 2883 1259 2940 ὡσαυτως]
1292 2882 1352 2933 ὡς
1384 2879 1428 2925 δ’
1459 2881 1668 2932 οιίῦτωςῑ7
1811 2883 1881 2923 15.

198 2944 336 3001 BAA]
361 2948 489 2987 ABA
511 2944 618 2987 Vat.
630 2958 671 2986 v.
767 2947 834 2986 17.
868 2942 1038 2987 ταύτόν
1062 2942 1170 2986 Vat.
1181 2942 1272 2986 Av.
1367 2938 1646 2985 συντιθέντα
1670 2939 1776 2983 Vat.
1787 2939 1881 2982 Av.
