1904 3184
25 0 59 102 ι
270 69 338 112 IN
368 68 722 111 OPTICORUM
749 69 1179 115 RECENSIONEM
1208 73 1485 118 THEONIS.
1615 73 1724 127 265

35 207 42 215 ·
150 189 235 242 38.
287 185 413 240 Ἐὰν
453 186 514 240 ἐν
551 195 628 261 τῷ
668 188 816 261 αὐτῷ
858 188 1113 264 ἐπιπέδῳ,
1153 190 1213 246 ἐν
1252 186 1297 265 ᾦ
1335 191 1427 246 καὶ
1465 195 1526 247 τὸ
1564 192 1726 264 ὄμμα,

28 277 245 331 ϋιύκλου
298 275 618 348 περιφέρεια
670 283 835 348 τεθῇ,
897 278 930 348 ἡ
993 287 1092 333 τοῦ
1119 309 1124 314 -
1147 281 1354 335 κύκλου
1407 281 1727 354 περιφέρεια

38 365 232 420 εὐθεῖα
270 366 490 435 γραμμὴ
530 368 801 436 φαίνεται.

38 498 44 508 .
150 456 286 508 ἔστω
318 454 524 507 κύκλου
555 454 877 527 περιφέρεια
907 457 941 526 ἡ
975 460 1074 510 ΓΒ
1109 457 1169 511 ἐν
1199 466 1274 531 τῷ
1306 459 1455 532 αὐτῷ
1489 458 1724 533 ἐπιπέδῳ

36 541 281 613 κειμένη,
336 542 396 597 ἐν
451 539 495 616 ᾧ
547 543 640 598 καὶ
685 546 746 599 τὸ
795 544 940 616 ὄμμα
988 547 1049 599 τὸ
1097 551 1174 616 Α,
1230 546 1328 618 ἀφ’
1371 545 1439 603 οὗ
1487 547 1727 619 ὄμματος
1788 558 1814 599 5

34 631 527 702 ,προσπιπτέτωσαν
567 633 781 697 ἀκτῖνες
828 636 890 688 αί
925 639 1059 704 ΑΒ,
1092 641 1225 706 ΑΔ,
1259 641 1392 707 ΑΕ,
1425 643 1478 691 Α
1490 642 1558 708 Ζ,
1590 642 1726 708 ΑΗ,

32 725 169 790 ἉΘ,
200 726 254 774 A
264 724 321 774 Γ.
392 720 550 791 λέγω,
590 722 674 776 ὄτι
713 723 747 792 ἡ
787 726 901 776 ΒΓ
929 725 1136 778 κύκλου
1175 725 1496 797 περιφέρεια
1535 727 1727 780 εὐθεῖα

30 811 309 882 φαίνεται.
371 814 579 864 κείσθω
612 819 708 881 τῆς
738 817 1089 886 περιφερείας
1121 815 1182 868 τὸ
1207 813 1439 887 κέντρον
1468 814 1560 869 καὶ
1589 819 1724 870 ἔστω

0 1720 101 1785 &ib
144 1733 221 1801 Κ,
272 1730 365 1784 καὶ
411 1731 827 1802 ἐπεζεύχθωσαν
874 1732 1089 1786 εὐθεῖαι
1140 1733 1202 1786 αἰ
1244 1736 1378 1802 ΚΒ,
1417 1737 1558 1803 ΚΛ,
1598 1738 1723 1804 ΚΕ,

6 1890 7 1893 ¹
39 1820 171 1889 ΚΖ,
202 1823 344 1889 ΚΗ,
376 1824 505 1890 ΚΘ,
536 1824 658 1875 ΚΓ.
734 1820 849 1875 ἐπεὶ
889 1818 992 1876 οὖν
1029 1820 1063 1890 ἡ
1103 1825 1212 1874 ΚΒ
1253 1822 1446 1876 εὐθεῖα
1483 1823 1591 1878 ὑπὸ
1631 1831 1726 1893 τῆς
1758 1832 1814 1874 10

6 1905 145 1987 ιὑπὸ
190 1911 362 1963 ΚΑΒ
415 1914 622 1979 γωνίας
676 1910 893 1982 ὁρᾶται,
947 1910 980 1979 ἡ
1037 1908 1097 1964 δὲ
1144 1914 1261 1964 ΚΔ
1313 1911 1421 1965 ὑπὸ
1468 1920 1564 1982 τῆς
1615 1913 1723 1967 ὑπὸ

22 1996 231 2067 -ΚΑΔ,
269 1997 303 2067 ἡ
343 1996 404 2053 δὲ
435 2003 550 2053 ΚΕ
583 2000 692 2053 ὑπὸ
731 2008 828 2069 τῆς
864 2000 974 2053 ὑπὸ
1008 2003 1198 2069 ΚΑΕ,
1237 2003 1435 2070 μείζων
1474 2003 1581 2073 ἄρα
1620 2022 1724 2070 φα-

37 2078 258 2155 νήσεται
289 2088 322 2157 ἡ
353 2085 454 2158 μὲν
485 2092 592 2142 ΚΒ
625 2097 721 2158 τῆς
752 2091 885 2157 ΚΔ,
917 2087 949 2157 ἡ
983 2085 1045 2142 δὲ
1077 2091 1193 2142 ΚΔ
1224 2096 1319 2158 τῆς
1351 2092 1472 2142 ΚΕ.
1526 2087 1726 2159 ὁμοίως

0 2160 10 2232 1ι
38 2173 132 2229 καὶ
168 2174 227 2229 ἐκ
256 2184 357 2231 τοῦ
391 2177 579 2249 ἐτέρου
610 2176 812 2249 μέρους
849 2177 883 2247 ἡ
914 2174 1016 2247 μὲν
1048 2180 1165 2231 ΚΓ
1193 2180 1389 2247 μείζων
1421 2179 1724 2247 φανήσεται

0 2211 134 2333 ἐνῆς
170 2267 306 2335 ΚΘ,
344 2265 378 2335 ἡ
418 2264 479 2319 δὲ
518 2270 631 2320 ΚΘ
668 2274 765 2335 τῆς
803 2269 936 2319 ΚΗ.
1015 2265 1130 2320 ἐπεὶ
1170 2263 1272 2321 οὖν
1310 2268 1372 2320 τὸ
1412 2266 1546 2320 αὐτὸ
1587 2281 1722 2337 συμ-
1756 2277 1810 2318 15

0 2358 9 2426 ξ
40 2351 240 2423 βαίνει,
278 2354 410 2426 ὅπερ
450 2354 521 2408 ἂν
558 2357 675 2423 καί,
722 2356 774 2408 εἰ
809 2355 1002 2408 εὐθεῖα
1040 2354 1292 2408 ὑπέκειτο
1331 2354 1364 2423 ἡ
1404 2354 1723 2426 περιφέρεια

0 2465 2 2480 ν
40 2437 77 2509 ἡ
112 2443 238 2512 ΒΓ,
282 2443 599 2514 συνέβαινε,
645 2444 707 2497 τὸ
755 2444 852 2507 τὰς
900 2449 1021 2507 ἴσας
1067 2444 1277 2513 δηλαδὴ
1326 2443 1553 2507 ἀνίσους
1601 2447 1723 2514 φαί-

156 2575 225 2618 38.
256 2574 440 2632 MROE,
463 2575 571 2620 vat.
598 2590 656 2619 m.
684 2579 724 2631 2,
751 2575 900 2632 Aqu).

158 2696 197 2735 1.
229 2691 374 2746 ἄλλως
403 2701 485 2738 τοῦ
517 2694 594 2751 κγ’
621 2693 650 2751 ἡ
684 2693 826 2747 δεῖξις
856 2693 926 2749 Μ,
969 2693 1114 2744 ἄλλως
1143 2693 1195 2737 τὸ
1228 2693 1306 2751 κβ’
1333 2707 1375 2748 q.
1499 2691 1602 2753 ἐάν]
1638 2693 1721 2739 ἐὰν

6 2745 132 2852 “⁴3
159 2749 307 2856 Ὓῆξι
346 2812 364 2871 J
407 2758 658 2857 ¹15³·00m·
692 2754 856 2855 ‘³⁰¹2ss
905 2757 963 2856 3·
997 2753 1025 2810 ἡ
1059 2753 1721 2858 3m⁴ffi²²⁰²²³³¹3312e32352

8 2898 9 2903 =
42 2825 221 2930 ’lo-822⁸
234 2885 276 2926 q.
309 2829 344 2857 ω
397 2827 692 2931 ξτεέιζέὲοειὲᾗ
727 2847 872 2929 γωνία
906 2813 1061 2915 Μὲῗξ.
1162 2847 1169 2856 -
1298 2848 1305 2856 ·
1413 2829 1441 2869 η
1655 2830 1679 2870 Q
