1904 3184
89 1119 144 1159 10

90 1565 144 1604 15

89 2010 147 2049 20

91 2454 147 2494 25

180 182 286 235 102
748 182 1032 225 EUGLIDIS
1065 182 1296 226 OPTICA.

178 302 283 356 ἀπὸ
323 310 422 356 τοῦ
461 306 508 355 Β
551 301 638 355 ε’πὶ
676 303 738 355 τὸ
779 307 834 354 A
872 301 906 370 ἡ
946 293 1069 371 BA,
1107 300 1199 355 καὶ
1238 303 1526 371 τετμήσθω
1567 304 1694 372 δίχα
1732 305 1868 356 κατὰ

175 393 238 445 τὸ
277 396 331 444 Ε
366 401 609 461 σημεῖον,
647 389 739 444 καὶ
779 390 1007 460 ἀνήχθω
1048 390 1154 444 ἀπὸ
1193 397 1292 444 τοῦ
1324 395 1377 443 Ε
1411 392 1551 461 πρὸς
1589 390 1766 462 ὀρθὰς
1803 399 1868 462 τῇ

175 485 286 534 AB
326 480 359 549 ἡ
392 485 512 533 ΕΖ.
575 478 733 549 λέγω,
774 480 875 549 ὅτι,
907 479 1005 533 ἐὰν
1045 477 1131 532 ε’πὶ
1171 487 1267 548 τῆς
1298 483 1403 532 ΕΖ
1442 481 1503 533 τὸ
1537 482 1681 550 ὄμμα
1713 485 1868 550 τεθῇ,

176 571 243 623 τὰ
282 574 409 639 ΑΒ,
443 572 545 622 ΓΛ
586 574 677 622 effa

176 660 498 728 φανήσεται.
567 662 675 711 κεί-

176 754 298 801 σθω
334 749 439 819 γὰρ
470 747 557 801 ἐπὶ
581 755 676 817 τῆς

175 842 281 890 ΕΖ
316 839 377 891 τὸ
411 839 557 908 ὄμμα
584 837 675 891 καὶ

176 929 312 980 ἔστω
361 928 422 980 τὸ
466 931 535 995 Z,
584 925 675 980 καὶ

175 1014 669 1087 προσπιπτέτωσαν

176 1105 391 1168 ἀκτῖνες
437 1108 498 1159 αἱ
541 1110 675 1175 ΑΖ,

179 1198 673 1264 ZB‚ZE,ZA‚

179 1286 302 1337 ΖΓ.
435 1290 523 1353 ἴση
606 1286 673 1354 δὴ

176 1373 369 1427 εὐθεῖα
399 1373 432 1442 ἡ
469 1377 570 1427 ΖΒ
610 1382 674 1444 τῇ

180 1466 303 1515 ΖΔ.
397 1462 535 1516 ἀλλὰ
589 1461 680 1516 καὶ
734 1462 767 1532 ἡ
816 1467 926 1516 ΑΒ
980 1472 1045 1535 τῇ
1099 1466 1152 1517 Γ
1151 1467 1205 1517 A
1257 1462 1540 1516 ὑπόκειται
1598 1468 1709 1532 ἴση·
1768 1464 1870 1517 δύο

178 1553 284 1620 ἄρα
330 1553 392 1604 αἱ
434 1555 568 1621 AB,
610 1556 713 1605 BZ
761 1551 891 1606 δυσὶ
937 1563 1056 1616 ταῖς
1098 1555 1214 1621 ΓΔ,
1252 1556 1365 1605 AZ
1416 1557 1529 1605 ἴσαι
1576 1554 1696 1605 εἰσί.
1778 1551 1870 1606 καὶ

176 1639 528 1711 περιέχουσιν
567 1641 744 1711 ὀρθὰς
783 1644 1007 1710 γωνίας·
1052 1646 1140 1710 ἴση
1182 1643 1287 1712 ἄρα
1322 1639 1472 1694 ἐστὶν
1503 1641 1536 1711 ἡ
1568 1641 1676 1695 ὑπὸ
1709 1645 1870 1695 ΒΖΑ

177 1737 242 1800 τῇ
281 1729 390 1783 ὑπὸ
430 1735 486 1782 A
498 1733 611 1783 ΖΓ.
689 1731 756 1783 τὰ
795 1734 922 1799 ΑΒ,
958 1733 1057 1783 ΓΔ
1095 1732 1202 1802 ἄρα
1244 1736 1334 1783 ἴσα
1374 1730 1698 1800 ὀφθήσεται.

288 1817 427 1887 λέγω
470 1820 556 1888 δή,
596 1819 681 1872 ὄτι
720 1818 811 1872 καὶ
851 1821 1014 1873 ἄνισα
1054 1820 1378 1890 ὀφθήσεται.

289 1911 631 1976 μετακείσθω
679 1910 748 1977 δὴ
795 1909 856 1962 τὸ
897 1910 1042 1979 ὄμμα
1084 1907 1175 1962 καὶ
1215 1911 1352 1962 ἔστω
1392 1909 1453 1962 τὸ
1494 1912 1576 1978 H,
1622 1907 1713 1962 καὶ
1754 1907 1870 1962 ἐπε-

181 1997 392 2066 ζεύχθω
438 1996 471 2065 ἡ
511 2001 649 2066 ΗΕ,
696 1996 787 2050 καὶ
834 1996 1326 2068 προσπιπτέτωσαν
1374 1997 1588 2060 ἀκτῖνες
1635 1998 1696 2051 αἱ
1737 2001 1869 2067 ΗΒ,

177 2089 314 2155 ΗΑ,
348 2089 480 2156 ΗΓ,
512 2090 647 2140 HA.
709 2090 906 2156 μείζων
945 2088 1052 2158 ἄρα
1098 2086 1131 2156 ἡ
1172 2090 1286 2140 ΗΒ
1326 2095 1422 2156 τῆς
1463 2090 1595 2140 HA.
1657 2086 1904 2158 o'ccpqqu‘-¹

178 2180 301 2228 σθω
343 2174 449 2229 ἀπὸ
489 2183 585 2245 τῆς
622 2179 737 2229 ΗΒ
784 2184 849 2246 τῇ
889 2180 1004 2229 HA
1045 2182 1133 2245 ἴση
1174 2176 1207 2245 ἡ
1247 2179 1378 2245 ΒΘ,
1424 2174 1516 2229 καὶ
1563 2175 1904 2251 ἐπεζεύχθω4

178 2262 211 2331 ἡ
251 2268 305 2316 Α
318 2268 379 2317 Θ.
466 2270 555 2333 ἴση
603 2266 708 2336 ἄρα
755 2268 929 2332 γωνία
976 2265 1008 2334 ἡ
1054 2265 1163 2318 ὑπὸ
1208 2268 1371 2318 ΒΘΑ
1419 2272 1484 2335 τῇ
1530 2265 1639 2318 ὑπὸ
1681 2255 1904 2318 ΓΗΔ.ι

179 2351 317 2406 ἀλλὰ
349 2354 382 2423 ἡ
413 2353 522 2407 ὑπὸ
547 2357 711 2407 ΒΘΑ
749 2362 845 2422 τῆς
875 2355 982 2407 ὑπὸ
1010 2357 1179 2407 BHA
1217 2356 1414 2423 μείζων
1447 2352 1613 2423 ἐστίν,
1652 2353 1684 2422 ἡ
1718 2353 1871 2417 ἐκτὸς
1902 2406 1904 2411 ,

179 2452 274 2513 τῆς
314 2443 489 2506 ἐντός·
535 2441 627 2496 καὶ
666 2443 699 2511 ἡ
738 2442 847 2496 ὑπὸ
890 2446 1066 2496 ΓΗΔ
1112 2445 1219 2513 ἄρα
1256 2451 1353 2512 τῆς
1389 2442 1498 2496 ὑπὸ
1539 2446 1717 2495 ΒΗΑ
1756 2442 1871 2496 ἐστι

179 2536 390 2603 μείζων.
467 2535 664 2603 μείζων
703 2534 810 2603 ἄρα
849 2534 1153 2601 φανήσεται
1191 2531 1225 2600 ἡ
1267 2534 1368 2585 ΓΔ
1406 2539 1502 2600 τῆς
1541 2535 1665 2584 ΑΒ.

297 2678 413 2736 Ὲ18,,
446 2693 589 2735 quam
613 2692 669 2723 ex
693 2679 736 2723 V
761 2677 883 2735 dedi,
917 2693 1008 2734 quo
1036 2679 1175 2723 modo
1201 2677 1521 2734 intellegenda
1547 2677 1620 2734 sit,
1654 2677 1870 2734 exposuit

179 2738 514 2783 Weissenborn
545 2738 575 2782 l.
601 2752 638 2783 c.
670 2754 714 2795 p.
741 2742 809 2782 58.

302 2877 340 2916 1.
383 2873 443 2931 A]
477 2886 590 2917 corr.
625 2885 682 2915 ex
713 2875 770 2928 A,
796 2875 838 2915 A
869 2886 928 2915 m.
963 2875 988 2914 2
1021 2870 1128 2914 Vat.
1183 2905 1190 2911 .
1281 2874 1322 2913 2.
1365 2872 1405 2913 E
1430 2869 1574 2928 (alb.)]
1609 2884 1749 2926 supra
1782 2883 1866 2914 scr.

181 2946 240 2976 m.
267 2936 292 2974 2
325 2931 380 2975 V.
476 2937 544 2975 12.
579 2931 637 2988 δὴ
672 2931 857 2988 εὐθεῖα]
889 2930 939 2973 in
969 2944 1058 2975 ras.
1085 2931 1140 2974 V.
1234 2934 1302 2973 15.
1335 2928 1454 3003 dioec]
1481 2928 1573 2985 ἄρα
1606 2928 1702 3003 ἴσανι
1734 2928 1867 3003 οοᾲᾶ.

242 2988 365 3049 δυσί]
399 2989 507 3035 δασί
539 3006 580 3034 v.
689 2990 796 3048 AZ]
834 2993 912 3034 ZA
942 3005 984 3033 V.
1094 2994 1162 3033 16.
1194 2988 1308 3033 Post
1340 3005 1512 3045 γωνιας
1544 2988 1632 3033 del.
1668 3000 1740 3046 ῑση
1774 2989 1868 3045 ἀρα
