1904 3184
212 104 319 157 238
564 104 913 147 OPTICORUM
943 103 1240 147 RECENSIO
1272 103 1550 146 THEONIS.

1023 287 1058 320 ν
1083 308 1095 319 .

319 372 446 427 Ἐάν
484 392 655 426 τινων
694 370 1017 442 φερομένων
1054 373 1328 425 πλειόνων
1366 371 1539 443 ἀνίσῳ
1580 371 1730 440 τάχει
1768 386 1904 441 συμ-

212 461 597 534 παραφέρηται
651 459 739 514 ἐπὶ
783 461 850 513 τὰ
897 461 1036 514 αὐτὰ
1089 459 1181 513 καὶ
1227 461 1288 514 τὸ
1337 462 1507 530 ὄμμα,
1561 461 1627 512 τὰ
1672 457 1773 530 μὲν
1827 468 1902 533 τῷ

214 555 414 622 ὄμματι
456 554 720 620 ἰσοταχῶς
766 551 1043 621 φερόμενα
1085 548 1232 613 δόξει
1273 547 1519 617 ἑστάναι,
1565 550 1631 602 τὰ
1671 546 1732 602 δὲ
1769 552 1904 619 βρα-

155 654 181 693 5
214 642 449 711 δύτερον
496 641 574 702 εἰς
618 638 949 692 τούναντίον
996 637 1293 709 φέρεσθαι,
1348 639 1414 691 τά
1461 635 1522 691 δὲ
1567 643 1777 691 θᾶττον
1827 640 1904 702 εἰς

212 731 279 783 τὰ
316 730 718 800 προηγούμενα.

323 817 582 889 φερέσθω
607 819 711 887 γὰρ
737 816 911 890 ἀνίσῳ
935 817 1085 886 τάχει
1108 818 1175 870 τὰ
1192 820 1256 885 Β,
1276 819 1337 886 Γ,
1355 822 1427 885 Δ,
1521 806 1587 861 B
1671 807 1735 861 Γ
1830 807 1899 888 ,Δ

212 906 304 961 καὶ
341 907 658 978 βραδύτατα
697 903 798 976 μὲν
843 905 1101 977 φερέσθω
1141 907 1202 959 τὸ
1243 910 1315 975 Β,
1364 907 1426 959 τὸ
1685 872 1699 999 χ
1899 965 1904 985 ι

213 994 274 1050 δὲ
314 999 368 1050 Γ
400 998 665 1065 ἰσοταχῶς
701 1003 777 1068 τῷ
818 998 876 1048 K
909 997 1133 1065 ὄμματι,
1179 996 1240 1048 τὸ
1280 992 1340 1048 δὲ
1372 1000 1426 1048 A
1899 1023 1904 1075 Ι-

125 1100 180 1139 10
213 1091 422 1139 θᾶττον
459 1093 559 1138 τοῦ
601 1087 661 1153 Γ,
713 1084 818 1138 ἀπὸ
859 1082 919 1138 δὲ
958 1093 1057 1138 τοῦ
1096 1088 1155 1137 K
1188 1086 1427 1154 ὄμματος

211 1173 703 1245 προσπιπτέτωσαν
753 1173 968 1237 ἀκτῖνες
1020 1175 1082 1227 αἱ
1124 1176 1260 1243 ΚΒ,
1301 1176 1425 1242 ΚΓ,
1897 1232 1904 1267 ⁴·

212 1267 342 1317 KA.
428 1263 635 1316 οὐκοῦν
691 1270 791 1316 τοῦ
848 1264 1088 1333 ὄμματος
1141 1277 1425 1333 συμπαρα-
1691 1278 1772 1334 K

214 1350 525 1423 φερομένου
565 1361 681 1415 τοῖς
711 1355 777 1420 Β,
812 1354 871 1421 Γ,
902 1357 958 1405 A
996 1353 1057 1406 τὸ
1088 1349 1188 1422 μὲν
1215 1355 1269 1406 Γ
1289 1353 1426 1405 κατὰ
1877 1316 1904 1514 1

213 1443 316 1511 τὴν
356 1443 469 1495 ΓΚ
514 1439 598 1494 ἀεὶ
645 1443 954 1512 φερόμενον
1001 1439 1221 1495 ἑστάναι
1261 1440 1431 1510 δόξει,
1480 1442 1542 1494 τὸ
1583 1438 1643 1494 δὲ
1682 1445 1728 1494 Β
1768 1442 1876 1495 ὑπο

126 1544 181 1583 15
215 1532 540 1600 λειπόμενον
586 1532 664 1593 εἰς
709 1531 1038 1584 τούναντίον
1088 1529 1234 1595 δόξει
1280 1529 1576 1601 φέρεσθαι,
1623 1531 1684 1583 τὸ
1733 1528 1792 1583 δὲ
1830 1533 1887 1583 A
1898 1518 1904 1523 ⁸

214 1618 329 1673 ἐπεὶ
375 1624 587 1673 θᾶττον
632 1627 731 1673 τοῦ
781 1622 835 1673 Γ
872 1619 1120 1690 φέρεται,
1171 1618 1317 1683 δόξει
1365 1621 1442 1682 είς
1489 1620 1904 1710 τοῦμπροσθεν,ἱ

212 1713 404 1762 πλεῖον
443 1709 548 1779 γὰρ
589 1707 695 1762 ἀπὸ
735 1716 835 1762 τοῦ
877 1711 931 1762 Γ
962 1708 1340 1777 ἀποστήσεται.
1884 1714 1904 1903 ἰ

322 2003 449 2058 Ἐάν
487 2025 658 2058 τινων
697 2004 1019 2075 φερομένων
1058 2006 1422 2075 διαφαίνηταί
1455 2024 1509 2057 τι
1554 2005 1627 2074 μὴ
1672 2006 1848 2075 φερόμ

125 2107 181 2147 20
212 2115 338 2164 νον,
378 2093 524 2158 δόξει
565 2095 625 2147 τὸ
664 2096 737 2164 μὴ
778 2097 1086 2165 φερόμενον
1125 2096 1203 2157 εἰς
1241 2094 1570 2147 τούναντίον
1612 2091 1861 2163 φέρεσθα

326 2182 584 2254 φερέσθω
624 2185 729 2254 γὰρ
768 2184 834 2236 τὰ
873 2187 945 2252 Β,
978 2189 1056 2253 Δ,
1107 2181 1310 2252 μενέτω
1351 2179 1412 2235 δὲ
1453 2183 1515 2236 τὸ
1556 2184 1618 2250 Γ,
1663 2180 1755 2234 καὶ
1794 2181 1878 2242 ἀπ,

214 2281 314 2327 τοῦ
358 2277 403 2326 Ζ
443 2275 683 2342 ὄμματος
722 2271 1213 2343 προσπιπτέτωσαν
1259 2271 1473 2334 ἀκτῖνες
1519 2272 1580 2324 αί
1622 2274 1748 2340 ΖΒ,
1782 2263 1904 2413 Z?

217 2366 335 2415 ZA.
397 2362 605 2415 οὐκοῦν
642 2362 703 2414 τὸ
743 2359 843 2431 μὲν
875 2365 922 2414 Β
962 2364 1272 2433 φερόμενον
1310 2363 1496 2429 ἔγγιον
1528 2362 1678 2413 ἔσται
1710 2367 1808 2412 τοῦ
1872 2373 1904 2438 ,3

214 2452 276 2504 τὸ
332 2448 392 2504 δὲ
437 2455 493 2503 A
540 2450 868 2521 ἀποχωροῦν
913 2451 1278 2522 πορρώτερον.
1370 2451 1509 2503 ὥστε
1555 2447 1699 2512 δόξει
1744 2450 1805 2502 τὸ
1854 2437 1904 2516 K

126 2550 181 2590 25
215 2542 293 2603 είς
330 2540 659 2594 τούναντίον
698 2539 984 2611 φέρεσθαι.
1872 2525 1886 2546 ³

1008 1900 1116 1954 να’.

334 2735 372 2774 1.
407 2730 476 2788 ν’]
510 2730 588 2787 νη’
613 2745 666 2786 p3
706 2730 777 2783 νζ’
803 2730 858 2787 V,
894 2745 953 2774 m.
989 2735 1012 2774 1
1046 2745 1095 2785 v3
1136 2730 1214 2775 ταδ’
1240 2744 1299 2773 m.
1332 2734 1358 2773 2
1391 2744 1434 2774 v.

217 2787 427 2846 φέρειται
458 2804 500 2845 v,
539 2803 652 2833 corr.
684 2803 744 2834 m.
780 2794 818 2833 1.
963 2794 1002 2834 3.
1035 2789 1107 2848 τό]
1141 2803 1254 2833 corr.
1289 2801 1344 2832 ex
1374 2791 1436 2847 τῷ
1465 2787 1521 2831 V.

272 2854 311 2893 4.
347 2848 598 2905 φερόμενοι
629 2848 684 2905 V,
719 2849 800 2892 sed
833 2862 945 2893 corr,
1069 2853 1108 2893 5.
1143 2847 1401 2905 φαίρεσθαι
1432 2862 1474 2891 V.
1624 2883 1632 2892 .

214 2907 269 2964 V,
303 2908 386 2951 sed
410 2921 524 2952 corr.
549 2923 609 2952 m.
631 2912 669 2952 1.
764 2913 833 2952 11.
869 2908 975 2966 KB]
1010 2912 1102 2952 ΒΚ
1131 2921 1224 2963 seq.
1249 2907 1336 2951 lac.
1358 2912 1381 2951 1
1415 2905 1506 2951 litt.
1541 2921 1582 2951 v.
