1904 3184
212 122 321 174 342
869 123 1256 166 CATOPTRICA.

210 246 289 312 K,
322 246 373 296 A
411 245 638 312 γωνίας,
685 243 748 295 αἱ
782 239 843 295 δὲ
881 241 988 296 ἀπὸ
1027 250 1128 295 τοῦ
1166 247 1222 295 Λ
1261 241 1349 295 ε’πὶ
1388 244 1488 311 τὴν
1527 245 1646 295 ΛΓ
1676 243 1769 295 διὰ
1807 219 1904 306 τὰς

171 336 292 401 ,Ν,
334 332 383 393 Ξ
431 334 638 399 γωνίας
694 336 815 394 ἴσας
869 332 1052 394 οὔσας.
1145 332 1229 384 ὅτι
1280 329 1341 384 δὲ
1393 339 1564 384 πᾶσαι
1618 329 1779 384 αὐταὶ
1826 334 1904 394 εἰς

121 1051 177 1091 10

211 419 409 484 ἑαυτὰς
448 420 811 489 ἀνακλῶνται,
850 421 1044 489 δῆλον·
1088 420 1147 474 ἐκ
1185 428 1286 473 τοῦ
1325 421 1430 489 γὰρ
1470 419 1701 491 κέντρου
1741 417 1904 475 οὖσαι

209 509 504 580 ἡμικύκλια
542 517 818 579 ποιοῦσιν,
858 512 920 563 αἶ
948 507 1008 563 δὲ
1039 519 1152 563 τῶν
1181 509 1524 579 ἡμικυκλίων
1558 513 1755 578 γωνίαι
1789 515 1904 564 ἴσαι

210 602 374 653 εἰσίν·
433 598 509 652 δι’
547 604 683 653 ἴσων
721 601 828 670 ἄρα
866 608 1087 667 γωνιῶν
1133 600 1195 652 αί
1230 598 1556 662 ἀνακλάσεις
1593 602 1904 667 γίγνονται·

209 690 288 750 εἰς
326 686 523 751 ἑαυτὰς
562 684 666 741 οὗν
704 687 1066 741 ἀνακλῶνται.
1134 695 1306 741 πᾶσαι
1345 688 1452 758 ἄρα
1491 695 1903 757 συμπεσοῦνται

210 777 315 830 ἀπὸ
354 777 580 830 πάντων
618 786 731 830 τῶν
762 779 1004 846 σημείων
1043 774 1131 829 ἐπὶ
1163 777 1260 839 τὰς
1292 777 1384 830 διὰ
1416 784 1516 829 τοῦ
1547 775 1779 846 κέντρου
1810 774 1904 830 καὶ

210 864 269 919 ἐν
319 874 395 939 τῷ
441 865 649 938 κέντρῳ
698 865 995 935 [ἀκτῖνας]
1087 866 1302 918 τούτων
1357 863 1460 920 οὗν
1505 875 1617 919 τῶν
1664 866 1904 920 ἀκτίνων

209 952 726 1025 ἐκθερμαινομένων
756 953 880 1023 περὶ
904 956 966 1007 τὸ
991 953 1221 1025 κέντρον
1243 961 1355 1025 πῦρ
1382 954 1710 1026 ἀθροίζεται.
1763 956 1902 1009 ὥστε

208 1043 456 1097 ἐνταῦθα
496 1044 769 1096 στύππιον
807 1040 971 1096 τεθὲν
1011 1042 1394 1112 ἑξαφθήσεται.

329 1210 366 1250 1.
400 1209 457 1261 Κ,
475 1206 535 1264 Δ]
568 1204 685 1259 πρὸς
708 1208 770 1248 τῶ
792 1209 828 1247 A
851 1219 912 1248 m.
1019 1202 1210 1262 γωνίας]
1243 1202 1415 1261 γωνίας
1439 1203 1542 1256 ἴσας
1566 1204 1707 1256 οὔσας
1731 1203 1902 1261 ὁμοίως

207 1264 424 1320 ἀλλήλαις
453 1279 513 1308 m.
608 1263 683 1307 ἐπὶ
707 1250 792 1320 τῆν
817 1267 915 1308 ΔΓ
973 1277 1061 1308 om.
1085 1279 1146 1308 m.
1269 1269 1310 1308 2.
1346 1266 1407 1319 Ν,
1433 1265 1500 1323 Ξ]
1533 1264 1650 1320 πρὸς
1679 1268 1741 1323 τῷ
1768 1267 1812 1308 Γ
1836 1279 1899 1311 m.

267 1323 370 1376 ἴσας
401 1323 543 1375 οὔσας
595 1323 737 1374 οὔσας
761 1322 864 1374 ἴσας
945 1360 955 1379 ,
990 1321 1230 1380 διάμετροι
1261 1321 1351 1381 γάρ
1377 1323 1464 1368 εἰσι
1494 1330 1642 1368 πᾶσαι
1673 1338 1733 1367 m.
1857 1328 1898 1369 3.

208 1383 259 1429 ἐκ
283 1391 366 1428 τοῦ
390 1382 498 1442 γάρ]
556 1401 583 1427 κ
607 1382 696 1440 γὰρ
720 1389 803 1427 τοῦ
835 1382 896 1439 Μ,
930 1381 1012 1427 διὰ
1043 1381 1130 1440 γὰρ
1162 1389 1244 1427 τοῦ
1276 1398 1334 1427 m.
1459 1379 1614 1442 οὖσαι]
1649 1382 1805 1427 ἰοῦσαι
1834 1398 1896 1428 m.

268 1448 308 1487 4.
342 1443 592 1501 ἡμικύκλια
646 1442 923 1500 ἡμικύκλιον
955 1442 1016 1487 Μ.
1111 1449 1300 1487 ποιοῦσι
1321 1441 1384 1487 Μ.
1477 1450 1569 1488 τῶν
1592 1440 1900 1503 ἡμικυκλίων]

207 1507 270 1562 τῷ
300 1501 554 1563 ἡμικυκλίῳ
639 1540 647 1547 .
771 1499 955 1560 γωνίαι]
989 1499 1155 1559 γωνίαι
1187 1501 1238 1546 αἱ
1268 1501 1512 1559 γινόμεναι
1543 1502 1660 1558 πρὸς
1690 1509 1787 1554 τοῖς
1817 1499 1900 1547 πέ-

182 1577 315 1618 .ρασι
352 1570 444 1607 τῶν
483 1559 743 1618 διαμέτρων
782 1562 862 1606 καὶ
901 1560 1228 1619 περιεχόμεναι
1265 1560 1346 1605 ὑπ’
1383 1563 1539 1606 αὐτῶν
1578 1577 1625 1606 τε
1650 1569 1756 1606 ’τῶν
1795 1562 1900 1606 δια-

207 1619 384 1678 μέτρων
415 1621 496 1666 καὶ
520 1629 612 1666 τῶν
635 1628 942 1678 περιφερειῶν
973 1636 1033 1665 m.
1158 1626 1197 1665 5.
1232 1618 1319 1665 εἰσί
1350 1621 1467 1665 Mm.
1591 1619 1804 1679 γίνονται
1835 1621 1898 1679 Μ,

206 1678 420 1738 γίνονται
450 1681 530 1726 καὶ
562 1679 643 1725 διὰ
674 1687 809 1725 τοῦτο
841 1696 900 1726 m.
1055 1664 1094 1725 (ί.
1136 1677 1241 1739 οὖν]
1275 1694 1363 1724 om.
1395 1695 1454 1726 m.
1602 1685 1641 1726 8.
1682 1681 1896 1740 ἀκτῖνας]

209 1740 356 1786 deleo.
474 1744 542 1785 10.
576 1740 825 1799 στύππιον]
857 1740 938 1784 καὶ
961 1755 1138 1785 υππιον
1170 1740 1232 1796 Μ,
1265 1754 1406 1797 supra
1431 1755 1514 1785 scr.
1541 1755 1601 1784 m.
1627 1745 1677 1786 2:
1712 1740 1898 1789 ςύπιον.

266 1800 319 1843 In
350 1799 462 1845 fine:
503 1797 760 1844 Εὐκλείδου
791 1799 1079 1855 κατοπτρικά
1110 1799 1165 1856 V,
1206 1797 1334 1851 τέλος
1365 1815 1424 1844 m.
