1904 3184
35 0 62 41 B

37 42 61 97 ³
287 105 351 144 IN
383 104 735 146 OPTICORUM
764 102 1195 145 RECENSIONEM
1225 102 1503 144 THEONIS.
1634 99 1742 151 279

49 222 390 295 ὑποκειμένῳ
448 222 713 295 ἐπιπέδῳ,
766 219 898 275 ποτὲ
952 220 1052 291 μὲν
1108 226 1223 290 ἴσα,
1276 217 1409 274 ποτὲ
1463 217 1524 272 δὲ
1579 222 1743 274 ἄνισα

51 315 323 383 φαίνεται.

163 404 299 454 ἔστω
341 406 432 454 ἴσα
471 398 678 470 μεγέθη
718 400 784 452 τὰ
816 403 869 452 A
879 403 944 468 Β,
979 402 1080 452 ΓΔ
1117 400 1255 471 πρὸς
1286 398 1464 470 ὀρθὰς
1496 399 1632 451 ὄντα
1663 406 1739 470 τῷ

50 488 391 562 ὑποκειμένῳ
433 488 685 561 ἐπιπέδῳ.
747 487 906 558 λέγω,
946 489 1029 542 ὅτι
1062 491 1176 542 ἔστι
1207 507 1290 551 τις
1321 490 1503 556 τόπος,
1543 483 1610 541 οὗ
1642 494 1741 539 τοῦ

51 579 293 648 ὄμματος
329 576 754 647 μεθισταμένου,
793 584 892 629 τοῦ
936 574 997 630 δὲ
1035 575 1318 647 ὁρωμένου
1357 574 1636 645 μένοντος,
1675 576 1742 628 τὰ
1804 585 1830 623 5

40 670 182 740 ἸΑΒ,
215 669 318 720 ΓΔ
354 664 486 720 ποτὲ
523 664 624 736 μὲν
665 671 780 735 ἴσα,
818 663 948 719 ποτε
989 663 1049 719 δὲ
1088 667 1252 719 ἄνισα
1291 668 1561 735 φαίνεται.
1596 664 1742 718 Ἴέπε-

48 757 266 826 ζεύχθω
298 755 332 823 ἡ
358 760 462 809 ΒΔ
499 754 592 808 καὶ
621 758 911 825 τετμήσθω
946 756 1071 825 δίχα
1101 755 1239 808 κατὰ
1271 756 1331 808 τὸ
1356 759 1422 823 Ε,
1461 752 1552 807 καὶ
1583 755 1740 823 ἤχθω

47 845 190 916 ’πρὸς
227 845 405 915 ὀρθὰς
443 846 581 915 αὐτῇ
621 844 653 912 ἡ
694 849 814 897 ΕΖ.
893 844 1057 913 λέγω,
1097 845 1198 913 ὅτι,
1239 843 1334 897 ἐὰν
1375 842 1462 897 ἐπὶ
1501 850 1597 912 τῆς
1634 846 1742 895 ΕΖ

49 934 115 988 τὸ
152 936 299 1004 ὄμμα
337 940 491 1005 τεθῇ,
530 935 597 987 τὰ
628 938 683 986 Α
692 937 756 1003 Β,
790 937 893 987 ΓΛ
933 939 1025 986 ἴσα
1064 937 1333 1003 φαίνεται.
1393 935 1600 986 κείσθω
1635 932 1740 1002 γὰρ

40 1021 143 1095 ἐπὶ
180 1031 281 1076 τοῦ
323 1027 392 1092 Ζ,
438 1022 531 1076 καὶ
569 1022 1063 1094 προσπιπτέτωσαν
1103 1022 1317 1085 ἀκτῖνες
1355 1023 1417 1075 αἱ
1451 1025 1581 1091 ΒΖ,
1618 1024 1741 1090 ΖΑ,
1775 1029 1836 1068 10

56 1115 181 1182 ΖΓ,
224 1116 345 1166 ΖΛ.
424 1117 513 1181 ἴση
553 1113 660 1183 ἄρα
707 1113 740 1182 ἡ
778 1116 885 1165 ΒΖ
930 1121 995 1183 τῇ
1039 1116 1159 1164 ΖΔ.
1236 1111 1375 1164 ἀλλὰ
1420 1109 1512 1164 καὶ
1557 1109 1590 1179 ἡ
1631 1112 1741 1163 ΑΒ

48 1209 120 1273 τῇ
159 1204 263 1255 ΓΔ
301 1201 586 1255 ὑπόκειται
627 1205 739 1269 ἴση·
796 1202 899 1254 δύο
940 1202 1008 1270 δὴ
1049 1202 1110 1254 αἱ
1145 1204 1279 1269 ΑΒ,
1312 1204 1418 1253 ΒΖ
1456 1197 1585 1253 δυσὶ
1623 1208 1743 1261 ταῖς

8 1338 13 1362 ,
54 1293 179 1360 ΓΔ,
217 1296 272 1344 Δ
284 1294 329 1343 Ζ
376 1295 490 1343 ἴσαι
537 1292 701 1343 εἰσίν·
757 1288 850 1343 καὶ
896 1291 1101 1358 γωνίας
1147 1288 1740 1360 ὀρθὰς-περιέχουσιν·

52 1381 213 1451 βάσις
258 1381 365 1450 ἄρα
404 1378 438 1446 ἡ
478 1382 589 1431 ΑΖ
634 1378 792 1447 βάσει
838 1386 904 1448 τῇ
948 1380 1057 1430 ΖΓ
1097 1382 1186 1445 ἴση
1230 1376 1391 1430 ἐστίν.
1468 1378 1605 1430 ὥστε
1651 1374 1742 1429 καὶ

8 1534 10 1550 )
52 1468 226 1539 ’γωνία
264 1468 298 1536 ἡ
336 1467 445 1521 ὑπὸ
486 1471 657 1520 ΒΖΔ
695 1474 760 1537 τῇ
799 1466 907 1520 ὑπὸ
949 1469 1124 1519 ΛΖΓ
1157 1471 1261 1535 ἴση.
1332 1467 1470 1520 ὥστε
1508 1467 1574 1519 τὰ
1613 1469 1740 1535 ΑΒ,
1775 1475 1830 1514 15

8 1555 11 1591 ²
57 1559 159 1612 ΓΔ
198 1563 289 1611 ἴσα
328 1557 652 1626 ὀφθήσεται.
715 1559 1055 1625 μετακείσθω
1097 1556 1164 1624 δὴ
1204 1556 1265 1608 τὸ
1298 1556 1443 1624 ὄμμα
1481 1553 1572 1608 καὶ
1605 1557 1740 1607 ἔστω

7 1693 10 1724 5
53 1647 118 1701 τὸ
154 1650 227 1700 Η.
303 1644 468 1714 λέγω,
518 1646 602 1699 ὅτι
645 1646 810 1698 ἄνισα
850 1644 1174 1714 ὀφθήσεται.
1251 1643 1743 1714 προσπιπτέτωσαν

8 1782 9 1802 2
52 1733 268 1799 ἀκτῖνες
306 1737 368 1789 αἱ
402 1738 542 1803 ΗΒ,
580 1738 725 1804 ΗΑ,
766 1737 904 1803 ΗΓ,
945 1737 1079 1786 ΗΛ.
1164 1735 1361 1803 μείζων
1399 1734 1506 1804 ἄρα
1552 1732 1585 1801 ἡ
1627 1735 1749 1785 ΒΗ

6 1811 10 1887 f
53 1831 152 1894 τῆς
190 1828 324 1878 ΗΔ.
401 1824 714 1894 ἀφῃρήσθω
763 1820 867 1878 οὖν
914 1823 1019 1876 ἀπὸ
1067 1830 1162 1891 τῆς
1207 1825 1322 1875 ΗΒ
1368 1829 1434 1892 τῇ
1480 1824 1602 1874 ΗΔ
1651 1827 1740 1890 ἴση

6 1955 9 1979 ,
54 1911 93 1982 ἡ
130 1916 260 1982 ΒΘ,
305 1912 399 1966 καὶ
438 1913 745 1982 ἐπεζεύχθω
786 1912 818 1981 ἡ
860 1918 913 1966 Α
926 1916 987 1965 Θ.
1066 1917 1154 1980 ἴση
1195 1913 1302 1982 ἄρα
1341 1914 1515 1979 γωνία
1561 1910 1594 1978 ἡ
1633 1910 1740 1963 ὑπὸ
1774 1921 1831 1961 20

54 2004 217 2056 ΒΘΑ
254 2012 318 2074 τῇ
349 2002 458 2056 ὑπὸ
493 2005 680 2055 ΓΗΔ.
743 1999 862 2055 ἀλλ’
891 2001 923 2069 ἡ
955 2001 1064 2055 ὑπὸ
1098 2004 1260 2054 ΒΘΑ
1297 2007 1394 2069 τῆς
1422 1999 1531 2053 ὑπὸ
1565 2002 1743 2052 ΑΗΘ

4 2123 8 2142 ι
54 2093 271 2160 μείζων·
327 2091 479 2154 ἐκτὸς
524 2091 653 2162 γαρ·
709 2089 803 2144 καὶ
856 2090 889 2159 ἡ
935 2090 1044 2144 ὑπὸ
1095 2093 1272 2143 ΓΗΔ
1326 2091 1432 2160 ἄρα
1485 2097 1581 2158 τῆς
1633 2088 1740 2142 ὑπὸ

0 2192 8 2271 ι
57 2181 233 2234 ΒΗΑ
276 2184 488 2251 μείζων.
566 2181 705 2234 ὥστε
742 2178 835 2233 καὶ
880 2178 914 2248 ἡ
957 2182 1057 2233 ΓΔ
1103 2182 1299 2291 μείζων
1346 2187 1441 2247 τῆς
1480 2182 1587 2231 AB
1636 2198 1741 2247 φα-

56 2270 293 2338 νήσεται.

639 2374 725 2427 Ad
763 2391 914 2443 prop.
954 2371 1149 2425 XLIII.
1774 2381 1831 2419 25

168 2476 253 2530 83.
301 2475 598 2548 Ἐφάψεται
631 2478 700 2546 δή
730 2497 781 2546 p.
808 2477 929 2545 228,
956 2475 1050 2545 24]
1085 2475 1181 2529 ἐὰν
1213 2476 1316 2546 γὰρ
1349 2484 1493 2545 τρεῖς
1525 2474 1739 2528 εὐθεῖαι

4 2592 5 2596 ¹
59 2561 331 2635 ἀνάλογον
368 2563 531 2635 ὦσιν,
577 2568 638 2620 τὸ
686 2566 795 2619 ὑπὸ
835 2576 946 2619 τῶν
984 2566 1171 2635 ἄκρων
1218 2569 1341 2617 ἴσον
1387 2571 1460 2636 τῷ
1501 2563 1606 2616 ἀπὸ
1646 2571 1741 2632 τῆς

0 2681 2 2690 ν
60 2650 241 2723 μέσης,
276 2653 369 2709 καὶ
408 2657 501 2709 διὰ
541 2662 703 2708 τοῦτο
743 2655 836 2707 διὰ
875 2655 936 2707 τὸ
977 2651 1068 2706 λδ’
1103 2660 1202 2705 τοῦ
1235 2652 1289 2720 γ’
1322 2660 1417 2720 τῆς
1452 2651 1739 2706 Ἐπιπέδου

3 2758 5 2805 3
61 2737 366 2811 ἐφάπτεται.

179 2906 247 2948 83.
280 2903 334 2949 V.
