1904 3184
117 1078 171 1118 10

118 1522 172 1562 15

114 1983 172 2023 20

114 2429 172 2469 25

201 75 312 127 252
917 78 1177 122 SCHOLIA

204 192 265 247 δὲ
310 196 664 268 πορρώτερον
710 199 1008 267 γενόμενον
1060 201 1266 268 μείζονι
1318 197 1517 253 ἑαυτοῦ
1564 201 1883 272 Bcoco‘mq'yocv

202 292 315 336 τῶν
361 286 544 348 ὄψεων
584 284 806 356 ἐντύχῃ,
861 286 967 354 ἤδη
1014 288 1278 356 μηδαμῶς
1324 287 1496 341 αὐτοῦ
1551 298 1662 342 τῶν
1708 291 1852 354 ὄψεω

203 371 599 442 ἐφαπτομένων
646 375 739 427 διὰ
785 375 847 427 τὸ
887 375 1406 446 παρεμπεπτωκέναι
1450 384 1525 449 τῷ
1566 378 1869 448 διαστήματ

203 461 391 514 αὐτῶν
430 462 532 531 οὐχ
572 462 781 534 ὁρᾶται.

821 610 909 664 Ad
948 612 1302 665 definitiones,
1894 685 1897 690 ¹

313 714 364 766 4.
428 714 506 766 Τὰ
544 713 653 768 ὑπὸ
692 717 939 784 μείζονος
976 718 1182 783 γωνίας
1221 716 1471 787 ὁρώμενα
1510 719 1729 786 μείζονα
1765 719 1899 787 φαί·

201 821 354 855 νεται
386 803 488 871 οὐχ
520 801 749 872 ἑαυτῶν,
789 804 926 858 ἀλλὰ
964 808 1183 874 μείζονα
1224 806 1499 874 δηλονότι,
1539 804 1572 874 ἢ
1607 807 1658 858 εἰ
1687 804 1881 876 ἑωρᾶτ

200 890 310 944 ὑπὸ
357 889 536 955 ὀξείας
580 895 807 960 γωνίας·
863 886 984 947 οἷον
1032 893 1106 956 ὡς
1153 893 1213 947 ἐν
1251 894 1611 964 ὑποδείγματι
1651 897 1858 948 ἕστωσα
1881 879 1898 947 .’

203 979 307 1033 δύο
346 983 590 1050 τρίγωνα
630 986 722 1034 ἴσα
768 983 834 1035 τὰ
873 986 920 1035 Β
934 985 1057 1051 ΓΛ,
1097 986 1293 1051 ΒΚΛ,
1340 985 1537 1052 μείζων
1584 981 1644 1036 δὲ
1684 986 1819 1037 ἔστω
1882 995 1886 1000 “

202 1075 302 1122 τοῦ
343 1072 504 1122 ΒΓΔ
542 1071 818 1141 τριγώνου
860 1071 999 1139 πρὸς
1038 1079 1113 1143 τῷ
1155 1075 1202 1124 Β
1242 1074 1440 1140 γωνία,
1486 1070 1616 1142 παρ’
1653 1071 1682 1125 ὃ
1721 1071 1754 1141 ἡ
1795 1092 1856 1126 το

202 1160 375 1210 ΒΚΛ
411 1159 550 1229 πρὸς
588 1167 663 1231 τῷ
703 1159 852 1232 αὐτῷ
893 1163 1112 1232 σημείῳ.
1176 1159 1334 1230 λέγω,
1374 1160 1459 1214 ὅτι
1490 1161 1551 1214 τὸ
1583 1164 1630 1213 Β
1643 1164 1742 1214 ΓΔ
1780 1162 1875 1232 τρί

202 1266 387 1315 γωνον
417 1247 525 1300 ὑπὸ
557 1250 804 1317 μείζονος
835 1252 1040 1317 γωνίας
1071 1249 1372 1320 ὁρώμενον,
1403 1247 1534 1320 παρ’
1563 1247 1592 1302 ὃ
1625 1251 1686 1303 τὸ
1711 1253 1769 1302 Κ
1775 1252 1878 1303 ΒΛ

202 1339 387 1406 μεῖζον
426 1339 682 1405 φαίνεται
720 1344 820 1390 τοῦ
860 1341 918 1390 K
924 1342 1026 1391 BA
1069 1339 1162 1391 διὰ
1200 1339 1262 1392 τὸ
1302 1339 1404 1408 τὴν
1439 1338 1549 1392 ὑπὸ
1591 1341 1750 1391 ΓΒΔ
1788 1359 1867 1407 γω

203 1428 333 1478 νίαν
380 1421 522 1478 εἶναι
568 1428 787 1495 μείζονα
833 1435 929 1496 τῆς
973 1427 1082 1481 ὑπὸ
1123 1430 1300 1480 KBA.
1378 1426 1412 1496 ἢ
1450 1429 1511 1481 τὸ
1551 1430 1769 1497 μείζονα
1809 1426 1883 1480 ένΙ

203 1519 390 1567 ταῦθα
437 1515 498 1567 τὸ
539 1516 895 1586 συγκριτικὸν
939 1514 1062 1570 ἀντὶ
1102 1516 1279 1570 ἁπλοῦ
1319 1526 1491 1570 κεῖται
1539 1517 1612 1579 ὡς
1651 1512 1792 1569 εἶναι
1831 1535 1887 1575 τι,

202 1605 423 1673 μείζονα
463 1606 766 1673 φαίνεσθαι
807 1603 930 1658 ἀντὶ
968 1612 1068 1658 τοῦ
1103 1605 1312 1674 μεγάλα
1352 1608 1672 1675 φαίνεσθαι,
1713 1606 1858 1658 ὥσπε
1872 1632 1900 1679 ἦ,

203 1693 264 1745 τὸ
320 1692 575 1746 ἐναντίον
636 1694 703 1746 τὰ
755 1693 864 1747 ὑπὸ
922 1693 1219 1757 ἐλάσσονος
1276 1697 1481 1762 γωνίας
1534 1694 1875 1765 θεωρούμεν

203 1781 372 1852 μικρὰ
411 1784 668 1851 φαίνεται
706 1781 798 1835 καὶ
836 1783 902 1835 τὰ
941 1783 1048 1836 ὑπὸ
1091 1788 1212 1851 ἴσης
1252 1788 1358 1837 ἴσα.

315 1885 362 1938 5.
441 1887 774 1958 Μετεωρους
842 1884 942 1956 μὲν
1004 1887 1189 1950 ἁπλῶς

205 1972 429 2038 ἀκτῖνας
458 1975 555 2038 τὰς
585 1976 796 2046 μακρὰς
823 1975 1073 2045 ὀνομάζει
1096 1975 1188 2030 καὶ

202 2063 434 2132 ὑψηλάς,
467 2063 865 2135 μετεωροτέρας
890 2062 950 2118 δὲ
974 2066 1188 2119 τούτων

205 2152 389 2206 αὐτῶν
424 2152 593 2206 πάλιν
631 2154 726 2216 τὰς
757 2153 1095 2225 μακροτέρας
1131 2174 1188 2208 τε

202 2239 294 2294 καὶ
317 2241 682 2313 ὑψηλοτέρας·
720 2235 840 2295 οἷον
865 2242 939 2306 ὡς
971 2243 1031 2296 ἐν
1052 2243 1187 2296 ὑπο-

204 2331 454 2400 δείγματι
508 2333 754 2384 ἔστωσαν
806 2334 932 2402 τρία
981 2331 1187 2402 μεγέθη

206 2418 458 2487 ἀλλήλων
508 2418 780 2489 ἀπέχοντα
834 2421 1027 2474 ἱκανὸν
1069 2421 1188 2474 διοί-
1878 2470 1883 2477 ,

205 2522 382 2578 στημα
443 2509 509 2561 τὰ
563 2511 691 2578 ΒΓ,
736 2513 792 2561 Δ
803 2513 872 2578 Ζ,
919 2513 1057 2579 ΚΛ,
1117 2508 1209 2563 καὶ
1262 2509 1752 2581 προσπιπτέτωσαν
1805 2510 1832 2564 ε’

322 2643 363 2684 4.
394 2639 459 2684 V²
491 2639 570 2696 (ad
602 2639 691 2684 def.
725 2642 783 2698 4).
906 2645 945 2685 5.
979 2641 1043 2685 V2
1075 2641 1154 2698 (ad
1186 2641 1275 2686 def.
1310 2645 1367 2699 5).

324 2763 362 2802 1.
403 2758 517 2801 Post
548 2757 802 2815 γενόμενον
835 2757 924 2802 del.
1071 2767 1163 2804 τῶν
1196 2759 1507 2816 διαστήματος
1539 2759 1793 2817 γενόμενον

265 2822 304 2862 6.
347 2817 529 2875 σχόλιον
559 2818 637 2863 V2.
792 2823 830 2862 7.
872 2818 1106 2877 δηλονότι]
1148 2833 1287 2876 supra
1320 2833 1403 2863 scr.
1436 2834 1497 2863 m.
1532 2825 1556 2862 1
1590 2819 1667 2863 V2.
1819 2823 1885 2863 1³·>

204 2876 498 2934 συγγριτικόν
529 2876 607 2921 V2.

1861 3003 1904 3184 κγ’*
