1904 3184
600 146 894 189 noemms
927 147 1157 191 OPTICA.
1657 144 1728 198 27

0 266 320 320 accedente
367 283 498 337 ergo
546 265 744 319 minori
790 266 968 319 minus
1017 284 1443 336 superapparens
1475 271 1730 337 apparet,

0 355 357 428 ,abscedente
395 373 525 408 uero
565 355 756 408 maius·

150 516 512 588 Quaecunque
566 518 900 571 alternorum
961 538 1018 572 se
1074 523 1354 590 superant,
1413 519 1473 572 in
1526 518 1731 572 directo

0 643 1 657 ῦ
37 607 237 663 minori
276 607 571 676 quantitati
610 607 768 660 oculo
809 608 1095 661 accedente
1135 613 1189 661 et
1229 609 1481 661 abstante
1520 608 1734 677 aequali

36 714 251 765 semper
288 696 565 749 uidebitur
604 714 1030 766 superapparens
1071 697 1339 750 minorem
1378 696 1645 750 excedere.

149 785 261 838 sint
300 786 435 838 duae
474 785 785 856 inaequales
825 784 1228 855 magnitudines
1267 786 1339 838 ab
1379 789 1434 838 et
1467 786 1566 854 qd,
1607 803 1733 855 qua-

37 893 161 929 rum
207 875 278 927 ab
332 874 528 944 maior,
583 874 770 928 oculus
817 893 947 927 uero
997 875 1069 927 sit
1114 892 1143 928 z
1195 875 1254 927 in
1300 874 1505 928 directo
1550 874 1732 928 iacens

36 950 272 1021 termino
328 963 650 1034 quantitatis
700 965 781 1032 ,qd
832 963 904 1034 ei,
966 963 1058 1032 qui
1113 967 1196 1016 est
1244 982 1292 1032 9.
1392 964 1536 1034 dic0,
1589 964 1734 1033 quod

19 1056 239 1127 ‘puncto
272 1070 309 1121 9
356 1052 512 1106 oculo
563 1053 848 1105 accedente
896 1056 950 1105 et
989 1052 1240 1105 abstante
1285 1052 1345 1104 in
1383 1051 1587 1105 directo
1628 1051 1735 1105 exi-

32 1234 122 1286 ‘est
154 1232 244 1299 qd.
322 1230 530 1283 accidat
569 1230 714 1283 enim
751 1229 933 1283 radius
972 1231 1028 1283 ie
1072 1248 1168 1299 per
1209 1248 1257 1298 9.
1333 1229 1518 1299 itaque
1557 1230 1630 1283 ab
1669 1230 1734 1301 ei,

28 1320 181 1395 ⁴quod
220 1323 304 1372 est
338 1321 439 1390 qd,
488 1319 933 1390 superapparebit
973 1337 1035 1372 eo
1046 1362 1060 1390 ,
1099 1319 1244 1389 quod
1282 1322 1366 1372 est
1404 1337 1485 1397 ae.
1561 1322 1734 1373 trans-

34 1413 322 1464 moueatur
356 1413 540 1462 autem
573 1409 760 1463 oculus
797 1412 852 1462 et
885 1409 957 1462 sit
987 1409 1204 1479 longius
1245 1412 1298 1461 et
1333 1409 1405 1461 sit
1435 1409 1495 1462 in
1527 1409 1732 1463 directo

37 1502 115 1568 ei,
150 1499 294 1567 quod
333 1502 416 1551 est
453 1499 488 1550 i.
566 1498 634 1550 ab
676 1498 833 1551 oculo
874 1516 1003 1569 ergo
1042 1499 1225 1551 radius
1266 1498 1511 1552 accidens
1551 1499 1734 1551 ueniet

37 1676 226 1731 eodem
266 1676 544 1746 superabit
582 1677 654 1730 ab
695 1676 912 1747 quidem
945 1678 1038 1745 yd.

8 1828 10 1848 ⁸
46 1887 53 1899 ῦ
151 1839 352 1893 Datam
405 1840 748 1893 altitudinem
802 1858 1149 1912 cognoscere,
1211 1843 1414 1909 quanta
1464 1840 1559 1910 sit,
1620 1840 1733 1893 sole

41 1933 349 1999 apparente.

48 2026 60 2079 ξ
145 2022 262 2071 esto
288 2019 415 2071 data
439 2019 670 2073 altitudo
687 2020 774 2090 ab,
796 2023 1240 2089 proponaturque
1258 2038 1377 2072 eam
1394 2036 1735 2089 cognoscere,

8 2248 13 2276 2
45 2220 397 2270 -”-.-

52 2319 59 2331 -·
163 2302 200 2343 1.
233 2298 404 2343 minori
433 2298 610 2358 minus]
644 2301 696 2344 in
725 2313 816 2344 ras.
849 2299 912 2344 D.
1035 2304 1075 2344 2.
1109 2299 1281 2358 maius]
1313 2301 1366 2343 in
1395 2313 1485 2344 ras.
1520 2298 1582 2343 D.
1691 2303 1731 2343 3.

10 2356 115 2424 Oe]
151 2372 294 2415 cupra
330 2373 414 2405 scr.
454 2359 516 2404 D.
672 2364 740 2404 11
781 2358 957 2403 accidit
995 2359 1058 2404 D.
1209 2359 1276 2418 ie]
1317 2373 1400 2404 scr.
1441 2372 1507 2403 ze.
1663 2362 1733 2402 13.

10 2412 37 2460 Ι
45 2406 219 2462 directe
249 2417 312 2462 D.

104 2594 350 2648 ἐλάσσονος
387 2596 495 2641 Vat.
506 2612 556 2653 v,
606 2610 754 2653 comp.
796 2596 845 2640 B.
999 2601 1038 2640 9.
1089 2594 1309 2654 εὐθείας]
1353 2611 1431 2645 -ας
1471 2594 1520 2637 in
1558 2607 1648 2638 ras
1689 2608 1732 2639 v.

103 2655 186 2715 τῷ]
208 2663 290 2701 τοῦ
315 2671 374 2700 m.
469 2661 538 2701 11.
570 2663 652 2701 τοῦ
675 2657 727 2715 Ζ]
753 2656 804 2700 τὸ
827 2659 862 2699 Ζ
884 2670 944 2700 m.
965 2660 987 2699 1
1006 2656 1061 2711 V,
1087 2660 1148 2715 τῷ
1170 2659 1212 2699 Γ
1229 2661 1310 2699 τοῦ
1337 2654 1490 2698 BVat.
1483 2653 1733 2757 Ὑπὸῑηιν,

12 2719 108 2809 τ’*ι
130 2714 434 2835 ζῦῦῑῦῦῦῦεε
454 2714 543 2773 νά
546 2717 774 2848 εεζῦζῦ·
802 2719 943 2831 vs
1299 2717 1478 2818 ·ῦεζ
1512 2712 1563 2757 τὸ
1605 2729 1714 2816 ῦεεε

12 2848 18 2874 τ·
102 2827 221 2878 cufim
251 2834 617 2880 ω.19.τό
670 2839 731 2894 τῷ
762 2849 821 2879 m.
969 2832 1176 2892 H(alt)]
1210 2847 1297 2877 om.
1333 2832 1429 2889 Bv,
1475 2847 1533 2876 m.
1568 2837 1593 2876 2
1626 2831 1734 2875 Vat.

40 2888 51 2927 θ
106 2895 176 2937 20.
208 2892 308 2953 διά]
340 2894 422 2938 καὶ
452 2893 534 2939 διά
565 2894 603 2938 Β
656 2897 719 2938 at.
732 2909 772 2938 v.
895 2897 965 2938 23.
1000 2893 1089 2952 ιη’]
1124 2892 1198 2937 ιθ’
1233 2892 1366 2936 codd.
1487 2896 1556 2936 24
1592 2889 1735 2950 ἐστίν]

15 2965 20 2985 ·
125 2950 143 2995 2
170 2959 252 2997 τοῦ
283 2967 325 2998 v.
449 2958 519 2998 27.
553 2952 648 2998 ἐστί
680 2969 721 2998 v.

1795 706 1820 746 5
1839 769 1841 771 ,

31 1146 214 1197 'stente
268 1142 482 1211 aequali
534 1141 811 1194 uidebitur
866 1159 1296 1211 superapparens
1343 1141 1415 1193 ab
1464 1140 1536 1211 ei,
1591 1141 1734 1210 quod
1768 1152 1822 1191 10

35 1604 135 1659 per
174 1605 210 1656 9
253 1590 517 1657 punctum
572 1590 627 1640 et
679 1587 1005 1657 adiungetur
1050 1606 1220 1657 usque
1268 1605 1294 1641 e
1338 1591 1626 1659 punctum,
1680 1591 1734 1641 et
1767 1597 1822 1637 15

28 2082 246 2181 §nanta
285 2107 370 2160 sit
447 2108 521 2161 sit
560 2108 748 2162 oculus
787 2110 844 2179 d,
883 2108 1014 2162 solis
1054 2112 1238 2162 autem
1275 2109 1458 2162 radius
1494 2126 1574 2177 ,qa
1613 2126 1735 2162 con-
1766 2116 1823 2156 20
