1904 3184
1897 0 1904 36 Ι

212 103 286 157 30
779 107 1064 148 Encmms
1095 106 1324 151 OPTIOA.

215 228 333 279 ΓΘ.
397 224 510 278 ἐπεὶ
550 222 653 279 οὖν
684 223 1110 296 προσπέπτωκεν
1141 225 1294 289 ἀκτὶς
1325 227 1358 295 ἡ
1392 230 1512 280 ΓΗ
1542 226 1634 281 καὶ
1667 228 1901 283 ἀντανα-

211 312 502 367 κέκλασται
548 315 581 383 ἡ
628 317 778 382 HA,
831 314 969 383 πρὸς
1017 319 1137 377 ἴσας
1182 318 1389 382 γωνιάς
1432 315 1904 387 ἀνακεκλασμέναι.

213 404 372 471 εἰσίν,
414 403 488 466 ὡς
519 402 580 456 ἐν
611 413 726 465 τοῖς
757 405 1160 473 Κατοπτρικοῖς
1190 403 1425 471 λέγεται·
1466 410 1556 473 ἴση
1589 406 1694 475 ἄρα
1726 409 1904 474 γωνία

212 490 246 559 ἡ
285 491 394 545 ὑπὸ
435 495 609 544 ΓΗΘ
654 500 719 562 τῇ
756 491 867 544 ὑπὸ
906 495 1099 544 ΑΗΒ.
1170 492 1308 545 ἀλλὰ
1354 491 1447 545 καὶ
1494 494 1527 562 ἡ
1574 493 1682 547 ὑπὸ
1722 499 1904 550 ΑΒΗ

155 590 181 630 5
213 587 278 650 τῇ
317 579 426 632 ὑπὸ
460 582 638 632 ΓΘΗ
672 585 783 647 ἴση·
830 578 923 632 καὶ
964 581 1126 649 λοιπὴ
1167 582 1273 652 ἄρα
1311 580 1345 649 ἡ
1384 581 1493 635 ὑπὸ
1525 585 1699 636 ΗΓΘ
1737 588 1904 655 λοιπῇ

213 677 278 739 τῇ
309 668 418 721 ὑπὸ
449 672 618 721 ΗΑΒ
660 668 810 721 ἐστιν
842 673 948 737 ἴση.
1012 670 1308 737 ἰσογώνιον
1346 671 1453 741 ἄρα
1486 669 1598 724 ἐστὶ
1630 672 1692 724 τὸ
1724 675 1901 725 ΑΗΒ

212 759 488 827 τρίγωνον
526 765 602 830 τςό
645 760 815 810 ΓΗΘ
852 758 1120 830 τριγώνῳ.
1186 767 1299 812 τῶν
1338 757 1399 812 δὲ
1439 761 1749 827 ἰσογωνίων
1788 780 1904 831 τρι-

213 847 411 914 γώνων
450 845 726 914 ἀνάλογόν
772 851 913 899 εἰσιν
959 847 1021 899 αἰ
1062 849 1310 917 πλευραί.
1388 850 1537 901 ἔστιν
1575 850 1709 919 ἄρα,
1756 849 1831 911 ὡς
1868 848 1904 918 ἡ

215 937 321 987 ΓΘ
358 935 497 1006 πρὸς
533 935 635 1003 τὴν
678 937 808 1002 ΘΗ,
848 934 1024 998 οὕτως
1063 934 1096 1003 ἡ
1129 939 1237 988 ΑΒ
1277 937 1416 1006 πρὸς
1454 938 1556 1005 τὴν
1586 939 1714 989 ΒΗ.
1778 935 1899 990 ἀλλ’

126 1035 182 1074 10
214 1023 242 1077 ὁ
283 1031 379 1093 τῆς
419 1026 525 1076 ΓΘ
569 1024 707 1094 πρὸς
744 1024 845 1092 τὴν
889 1027 1010 1076 ΘΗ
1041 1026 1204 1092 λόγος
1243 1023 1358 1077 ἐστὶ
1397 1026 1694 1094 γνώριμος·
1742 1024 1832 1079 καὶ
1871 1026 1903 1080 ὁ

211 1120 307 1181 τῆς
338 1116 441 1165 ΒΑ
480 1113 587 1183 ἄρα
625 1113 763 1182 πρὸς
799 1114 902 1182 τὴν
932 1116 1055 1165 ΒΗ
1086 1115 1249 1181 λόγος
1280 1112 1395 1166 ἐστὶ
1427 1115 1718 1184 γνώριμος.
1777 1112 1900 1168 ἀλλ’

212 1201 245 1270 ἡ
285 1205 400 1255 ΗΒ
441 1201 555 1256 ἐστι
595 1203 884 1273 γνώριμος.
961 1199 1052 1254 καὶ
1091 1201 1124 1270 ἡ
1163 1205 1272 1255 ΑΒ
1314 1203 1418 1271 ἄρα
1458 1201 1572 1256 ἐστὶ
1610 1205 1904 1275 γνώριμος.

1023 1369 1055 1402 κ
1082 1393 1091 1402 .

331 1440 412 1493 Τὸ
452 1436 627 1493 δοθὲν
665 1439 844 1508 βάθος
882 1448 1116 1507 γνῶναι,
1155 1441 1390 1507 πηλίκον
1430 1439 1595 1493 ἐστίν.

125 1538 179 1578 15
324 1531 460 1582 ἔστω
500 1530 562 1582 τὸ
603 1525 775 1581 δοθὲν
813 1528 992 1597 βάθος
1029 1528 1090 1580 τὸ
1123 1532 1251 1596 ΑΔ,
1291 1530 1436 1598 όμμα
1476 1525 1536 1581 δὲ
1569 1530 1706 1581 ἔστω
1739 1529 1801 1582 τὸ
1834 1531 1904 1598 Ε,

210 1615 303 1671 καὶ
335 1615 464 1670 δέον
488 1618 549 1670 τὸ
573 1617 753 1686 βάθος
776 1626 1003 1684 γνῶναι,
1033 1619 1267 1684 πηλίκον
1299 1616 1463 1669 ἐστίν.
1517 1615 1904 1688 προσπιπτέτω·

211 1708 316 1776 γὰρ
349 1714 414 1777 τῇ
447 1707 569 1770 ὄψει
607 1704 770 1773 ἡλίου
801 1703 954 1768 ἀκτὶς
985 1704 1018 1773 ἡ
1768 1765 1774 1772 ,

211 1799 325 1848 ΕΔ
365 1794 758 1864 συμβάλλουσα
797 1803 872 1866 τῷ
906 1794 1018 1847 ἐπι-
1825 1775 1884 1824 1¹7

210 1883 358 1937 πέδω
406 1885 543 1936 κατὰ
588 1883 650 1936 τὸ
698 1886 745 1935 Β
792 1892 1019 1952 σημεῖον

123 1983 180 2023 20
211 1971 303 2026 καὶ
350 1980 425 2045 τῷ
465 1972 631 2041 βάθει
668 1973 805 2024 κατὰ
846 1973 906 2025 τὸ
946 1977 1016 2024 A.

211 2059 303 2115 καὶ
357 2063 854 2132 προσεκβεβλήσθω
910 2061 1015 2114 ἀπὸ

210 2158 310 2204 τοῦ
350 2154 398 2203 Β
439 2148 521 2203 ἐπ’
558 2150 779 2214 εὐθείας
825 2150 858 2218 ἡ
895 2155 1016 2218 ΒΖ,

210 2238 303 2292 καὶ
347 2241 505 2308 ἤχθω
549 2239 654 2293 ἀπὸ
694 2247 793 2292 τοῦ
832 2244 886 2292 Ε
929 2238 1016 2293 ἐπὶ

210 2330 312 2398 τὴν
358 2332 464 2381 ΒΖ
511 2329 738 2382 εὐθεῖαν
783 2329 1018 2392 κάθετος

123 2429 178 2468 25
211 2417 244 2486 ἡ
277 2421 397 2470 ΕΖ.
461 2415 576 2471 ἐπεὶ
607 2414 710 2472 οὗν
742 2423 832 2486 ἴση
871 2421 1046 2485 γωνία
1076 2418 1109 2487 ἡ
1141 2419 1250 2473 ὑπὸ
1282 2424 1443 2473 ΕΖΒ
1484 2429 1548 2491 τῇ
1581 2420 1688 2474 ὑπὸ
1721 2423 1899 2488 ΒΛΔς

213 2507 352 2560 ἀλλὰ
390 2505 481 2559 καὶ
520 2506 553 2574 ἡ
593 2507 700 2560 ὑπὸ
733 2510 900 2559 ΑΒΔ
938 2517 1002 2578 τῇ
1041 2507 1149 2562 ὑπὸ
1182 2513 1362 2577 ΕΒΖ,
1400 2507 1492 2562 καὶ
1531 2508 1564 2577 ἡ
1604 2512 1759 2579 τρίτη
1792 2510 1899 2579 ἄρα

212 2595 244 2664 ἡ
283 2596 392 2649 ὑπὸ
431 2599 595 2648 ΒΕΖ
633 2603 698 2665 τῇ
737 2594 845 2647 ὑπὸ
885 2598 1050 2648 AAB
1092 2595 1242 2650 ε’στιν
1283 2602 1386 2665 ἴση.
1459 2597 1753 2664 ἰσογώνιον
1791 2597 1897 2667 ἄρα

213 2684 327 2738 ἐστὶ
374 2686 434 2738 τὸ
482 2688 648 2737 AAB
697 2686 972 2754 τρίγωνον
1019 2692 1094 2756 τῷ
1143 2689 1303 2738 ΒΕΖ
1358 2686 1626 2757 τριγώνῳ.
1703 2683 1795 2738 καὶ
1841 2682 1902 2739 αἱ

1110 1946 1176 1997 Α

1102 2286 1160 2328 Δ

332 2851 370 2889 1.
404 2843 747 2890 ἀνακέκλασται
778 2845 854 2888 BV
886 2846 934 2887 et
963 2844 1086 2900 Vah,
1120 2845 1202 2888 sed
1234 2858 1370 2900 cort.;
1403 2843 1806 2890 ἀντανακέκλαται
1834 2858 1895 2890 mc.

272 2909 311 2949 4.
349 2906 514 2965 ΓΗΘ]
538 2904 588 2948 in
612 2919 702 2949 ras.
720 2920 779 2949 m.
874 2908 913 2947 5.
946 2904 1103 2962 λοιπή]
1129 2903 1293 2949 λοιπόν
1309 2904 1399 2950 Bv.
1492 2906 1649 2963 λοιπῇ]
1675 2901 1829 2949 λοιποί
1851 2916 1893 2961 v,
