1904 3184
151 115 259 167 154
499 116 850 159 OPTICORUM
878 116 1180 158 RECENSIO
1211 115 1494 159 THEONIS.

136 237 283 290 ὅταν
307 241 438 305 ἴσαι,
470 237 532 289 τὸ
558 233 618 289 δὲ
643 238 894 304 ἔλασσον,
927 236 1062 289 ὅταν
1089 235 1381 298 ἐλάσσονες
1404 238 1704 304 γίγνωνται
1730 246 1842 290 τῶν

148 324 332 390 ὄψεων
371 318 492 378 οἷον
530 327 728 394 γωνίαι
766 321 913 388 τινὲς
950 326 1088 396 πρὸς
1125 331 1202 397 τῷ
1243 323 1460 394 ὄμματι.

891 519 1098 599 Ὅροι.

259 651 331 706 α’.
385 651 729 706 Ὑποκείσθω
777 652 873 716 τὰς
919 651 1024 705 ἀπὸ
1079 659 1180 705 τοῦ
1228 647 1670 727 ὄμματος[ὅψεις
1720 647 1871 719 κατ’]

87 757 113 797 5
146 742 368 806 εὐθείας
414 743 666 814 γραμμὰς
712 740 985 813 φέρεσθαι
1025 740 1299 811 διάστημά
1314 731 1391 814 Ττι
1436 742 1705 804 ποιούσας
1746 739 1839 794 ἀπ’

149 824 439 909 ἀλλήλων.)

256 935 331 1005 β’.
378 934 469 989 καὶ
499 937 561 990 τὸ
593 933 695 1007 μὲν
724 936 833 990 ὑπὸ
873 945 986 989 τῶν
1014 937 1198 1000 ὄψεων
1234 937 1625 1006 περιεχόμενον
1664 942 1843 1004 σχῆμα

145 1021 287 1079 εἶναι
322 1035 507 1080 κῶνον
544 1027 647 1095 τὴν
677 1027 935 1096 κορυφὴν
973 1022 1075 1095 μὲν
1106 1024 1301 1094 ἔχοντα
1321 1013 1592 1100 Γπρὸςζτῷ
1624 1025 1842 1094 ὄμματι,

145 1116 247 1184 τὴν
285 1112 346 1168 δὲ
384 1115 551 1184 βάσιν
588 1117 727 1186 πρὸς
764 1124 881 1178 τοῖς
917 1113 1115 1185 πέρασι
1158 1123 1270 1167 τῶν
1309 1097 1621 1185 ὁρωμένων.

61 1231 116 1271 10
260 1217 332 1287 γ’.
393 1217 487 1272 καὶ
532 1219 774 1290 ὁρᾶσθαι
821 1215 920 1288 μὲν
966 1225 1163 1286 ταῦτα,
1214 1219 1354 1288 πρὸς
1399 1217 1434 1271 ἃ
1482 1217 1552 1271 ἄν
1591 1218 1652 1271 αἰ
1687 1219 1842 1282 ὄψεις

143 1311 588 1381 προσπίπτωσιν,
635 1310 708 1379 μὴ
756 1308 998 1379 ὁρᾶσθαι
1046 1305 1131 1377 δέ,
1177 1309 1316 1378 πρὸς
1361 1307 1395 1361 ἃ
1443 1307 1513 1361 ἂν
1552 1309 1625 1377 μὴ
1671 1321 1841 1377 προσ-

142 1401 420 1452 πίπτωσιν
457 1398 519 1451 αί
553 1399 721 1462 ὄψεις.

256 1501 328 1556 δ’.
383 1501 474 1556 καὶ
513 1503 580 1555 τὰ
619 1499 720 1572 μὲν
758 1501 867 1555 ὑπὸ
906 1503 1152 1571 μείζονος
1190 1502 1396 1569 γωνίας
1436 1499 1688 1571 ὁρώμενα
1726 1502 1840 1569 μεί-

146 1594 273 1657 ζονα
305 1594 627 1662 φαίνεσθαι,
661 1591 730 1645 τὰ
761 1588 822 1644 δὲ
852 1590 961 1645 ὑπὸ
995 1589 1292 1653 ἐλάσσονος
1324 1589 1613 1658 ἐλάσσονα,
1655 1594 1747 1643 ἴσα
1780 1586 1840 1643 δὲ

56 1692 110 1732 15
142 1682 209 1734 τὰ
246 1681 354 1735 ὑπὸ
397 1686 534 1734 ἴσων
573 1689 794 1749 γωνιῶν
832 1679 1097 1751 ὁρώμενα.
1871 1684 1894 1798 ᾗ

254 1784 316 1839 ε’.
370 1783 462 1838 καὶ
493 1786 560 1838 τὰ
591 1782 692 1854 μὲν
723 1783 832 1838 ὑπὸ
864 1781 1282 1855 μετεωροτέρων
1314 1781 1554 1837 ἀκτίνων
1586 1783 1839 1855 ὁρώμενα
1874 1801 1893 1886 3

140 1876 510 1946 μετεωρότερα
550 1876 878 1944 φαίνεσθαι,
925 1874 992 1927 τὰ
1040 1871 1100 1927 δὲ
1146 1873 1255 1927 ὑπὸ
1302 1871 1707 1945 ταπεινοτέρων
1745 1893 1837 1928 τα·
1875 1866 1890 1952 J

139 1965 443 2035 πεινότερα.

254 2066 322 2126 ς’.
384 2066 476 2121 καὶ
524 2067 726 2137 ὁμοίως
779 2068 846 2120 τὰ
898 2064 1000 2137 μὲν
1053 2066 1162 2121 ὑπὸ
1211 2065 1548 2139 δεξιωτέρων
1596 2067 1837 2123 ἀκτίνων
1866 2052 1904 2206 ³1

53 2167 110 2207 20
141 2157 394 2229 ὁρώμενα
433 2155 723 2228 δεξιώτερα
764 2159 1085 2227 φαίνεσθαι,
1123 2157 1191 2210 τὰ
1230 2154 1292 2211 δὲ
1330 2156 1439 2211 ὑπὸ
1480 2156 1834 2229 ἀριστερωτέ-
1866 2198 1904 2243 ⁴⁴³¹

145 2266 260 2316 ρων
299 2245 714 2316 ἀριστερώτερα.
1876 2243 1904 2329 ”

255 2348 317 2415 ζ’.
364 2350 431 2403 τὰ
463 2346 524 2403 δὲ
554 2349 663 2403 ὑπὸ
694 2352 968 2404 πλειόνων
999 2359 1220 2420 γωνιῶν
1250 2350 1502 2422 ὁρώμενα
1526 2351 1837 2423 ἀκριβέστε-
1892 2379 1894 2427 j

145 2459 248 2510 ρον
279 2441 599 2509 φαίνεσθαι.
1866 2443 1872 2448 ’

261 2694 301 2733 2.
337 2705 449 2734 οιων
480 2703 522 2745 V,
556 2687 639 2732 sed
671 2702 786 2733 corr
914 2692 954 2732 3.
988 2687 1109 2748 οροι]
1141 2703 1234 2746 mg.
1266 2703 1325 2733 m.
1363 2693 1386 2732 1
1420 2689 1483 2745 V3
1516 2688 1618 2745 ὅροι
1650 2686 1834 2734 ὀπτικοί
1882 2682 1885 2743 f

140 2748 242 2792 ins.-
259 2763 318 2791 m.
353 2753 379 2792 2
410 2763 463 2805 p3
513 2747 737 2792 ἐντεῦθεν
769 2747 815 2792 οἱ
848 2764 949 2804 οροι
984 2755 1076 2793 τῶν
1111 2746 1369 2793 Εὐκλείδου
1402 2748 1605 2794 ὀπτικῶν
1644 2763 1737 2806 mg.
1769 2763 1849 2793 m.—

140 2821 229 2852 rec.
262 2823 304 2851 v.
366 2820 583 2851 numeros
617 2821 704 2851 om.
730 2807 812 2864 Vp
821 2822 863 2852 v.
987 2811 1026 2852 8.
1060 2811 1122 2910 τ3ῷ
1177 2822 1289 2853 corr
1325 2821 1381 2852 ex
1412 2807 1464 2853 τό
1495 2823 1555 2852 ιιι.
1581 2813 1608 2852 2
1641 2823 1683 2852 v.
1788 2811 1829 2852 9.

140 2865 337 2922 πέρασιν
367 2866 462 2911 Vv.
586 2871 655 2910 10.
690 2866 740 2910 αἱ
772 2866 925 2925 ὄψεις]
957 2880 1047 2911 ras.
1155 2866 1224 2912 ’.ιτ
1257 2882 1299 2912 v.
1432 2872 1500 2912 11.
1534 2865 1830 2924 προσπίπτω-

141 2940 214 2970 σιν
239 2926 366 2984 (pr.)]
408 2941 550 2970 -πτω-
591 2939 731 2983 supra
773 2940 856 2971 ser.
898 2941 956 2970 m.
994 2931 1017 2969 1
1058 2941 1109 2981 η
1155 2928 1399 2984 praeterea
1447 2941 1587 2984 supra
1631 2927 1738 2972 add.
1779 2927 1830 2986 β;
