1904 3184
628 716 716 770 Ad
753 718 1162 788 praefationem.

3 857 7 954 ι
153 831 201 883 1.
242 827 502 883 Τουτέστι
525 830 663 882 κατὰ
687 828 976 899 συνέχειαν
1001 849 1050 898 p.
1074 831 1192 898 148,
1213 830 1454 901 18—19]
1481 832 1547 885 οὐ
1564 839 1727 885 τοῦτο

4 921 184 981 ,ἑέοικε
237 917 418 986 λέγειν
469 919 532 972 τὸ
579 919 716 971 κατὰ
770 917 1059 987 συνέχειαν
1112 919 1287 987 ἤγουν
1341 929 1584 989 συνεχῶς
1636 919 1729 974 καὶ

0 1005 6 1105 {¹
38 1007 310 1080 ἐχομένως
349 1006 454 1060 ἀεί·
510 1012 593 1075 εἴη
640 1007 745 1078 γὰρ
786 1006 856 1060 ἂν
896 1006 1150 1060 ἐναντίον
1188 1015 1263 1080 τςό
1305 1006 1364 1060 ἐν
1403 1009 1728 1079 διαστήματι

0 1111 6 1169 1
37 1094 312 1169 ’φέρεσθαι
349 1094 442 1149 καὶ
482 1095 539 1149 ἐκ
579 1096 965 1165 διαστημάτων
1003 1097 1205 1159 ταύτας
1241 1096 1532 1168 ὑπάρχειν·
1584 1097 1727 1167 λέγει
1789 1106 1816 1146 5

37 1183 103 1242 δὲ
146 1187 283 1240 κατὰ
328 1184 618 1255 συνέχειαν
663 1186 725 1239 τὸ
766 1184 959 1255 ἐφεξῆς
996 1188 1350 1255 μεταπίπτειν
1395 1185 1487 1240 καὶ
1524 1189 1597 1257 μὴ
1637 1207 1729 1241 πε-

0 1195 6 1358 ,
36 1273 417 1345 αλανημένως,
457 1274 595 1328 ἀλλὰ
624 1275 762 1328 κατὰ
792 1275 1093 1345 μετάβασιν
1123 1276 1426 1347 προϊούσας
1463 1275 1555 1330 καὶ
1592 1282 1728 1347 μεθ-

0 1367 3 1410 ῑ
36 1364 349 1435 ἰσταμένας.

37 1470 47 1479 “
153 1470 200 1522 2.
238 1466 478 1539 ’Έφερεν
517 1470 696 1532 αἰτίας
735 1488 783 1538 p.
821 1469 947 1538 148,
981 1468 1076 1538 22]
1118 1469 1294 1537 ἤγουν
1324 1469 1615 1539 αἰτιάματα
1656 1469 1729 1532 ὡς

0 1577 3 1630 ς
39 1557 113 1630 μὴ
150 1558 285 1611 κατὰ
324 1559 492 1625 λόγον
531 1560 828 1628 λεγόμενον
868 1558 1191 1627 αἰτιώμενος
1229 1557 1377 1611 αὐτό.
1761 1566 1816 1606 10

150 1663 199 1716 3.
261 1654 400 1715 Οἷον
445 1664 644 1730 γωνίαι
685 1682 735 1732 p.
780 1662 909 1731 154
949 1661 1006 1731 2]
1054 1660 1361 1715 κάντεῦθεν
1409 1661 1511 1732 ὅρα
1558 1662 1619 1715 τὸ
1668 1660 1728 1715 ἐν

0 1725 373 1821 ἰδιαστήμασι
426 1751 524 1814 τὰς
577 1752 732 1815 ὄψεις
786 1750 1082 1821 φέρεσθαι,
1144 1753 1261 1804 νόει
1324 1747 1385 1803 δε
1438 1758 1609 1804 ταῦτα
1663 1771 1729 1804 τα

0 1827 379 1910 διαστήματα
409 1840 725 1909 βραχύτατα
758 1840 892 1893 ὅσον
924 1832 1045 1893 οἷόν
1076 1838 1138 1892 τέ
1165 1839 1277 1893 ἐστι
1310 1840 1562 1909 μάλιστα,
1596 1839 1729 1894 όσον

41 1937 162 1992 ταῖς
191 1929 329 1999 πρὸς
359 1937 435 2001 τῷ
468 1930 668 1998 ὄμματι
693 1930 921 1996 γωνίαις
946 1928 1142 1997 ἐγγίζει
1167 1969 1352 1981 .......
1377 1929 1729 1999 πορρώτερον

13 2024 145 2072 ’τοῦ
184 2019 423 2088 ὄμματος
471 2015 553 2070 ἀεὶ
601 2020 759 2087 μείζω
801 2020 1010 2085 γίνεται
1050 2060 1060 2070 .
1088 2059 1100 2072 .
1125 2059 1136 2071 .
1163 2059 1173 2070 .
1213 2015 1444 2087 κέντρου
1484 2017 1588 2088 γὰρ
1627 2024 1727 2070 τοῦ
1761 2025 1816 2065 15

42 2104 281 2176 ὄμματος
318 2104 627 2175 νοουμένου
668 2105 877 2174 ἀνάγκη
917 2106 1013 2169 τὰς
1044 2108 1197 2170 ὄψεις
1230 2106 1539 2169 κωνοειδῶς
1570 2104 1727 2176 φέρε-

43 2199 177 2249 σθαι
214 2193 306 2248 καὶ
344 2196 646 2266 προϊούσας
683 2199 894 2265 μᾶλλον
934 2195 1188 2264 ἀλλήλων
1226 2197 1524 2265 σχίζεσθαι,
1568 2194 1611 2263 ὃῥ
1636 2192 1727 2247 καὶ

44 2281 212 2353 δῆλον
249 2289 429 2338 αἴτιον
468 2287 726 2352 γίνεσθαι
765 2291 864 2337 τοῦ
903 2292 1015 2338 πᾶν
1052 2283 1288 2355 μέγεθος
1336 2286 1479 2353 ἔχειν
1517 2302 1568 2335 τι
1609 2282 1728 2335 διά-

44 2383 242 2443 στημα,
288 2372 385 2444 ἀφ’
423 2370 490 2427 οὗ
530 2373 631 2442 οὐχ
671 2372 879 2443 ὁρᾶται.
955 2372 1112 2444 μέχρι
1151 2370 1252 2443 μὲν
1291 2373 1394 2442 γὰρ
1437 2374 1623 2440 ἔγγιον
1661 2371 1729 2425 ὃν

45 2463 224 2532 μεῖζον
262 2458 297 2534 ᾖ
335 2470 435 2515 τοῦ
475 2472 587 2515 τῶν
618 2463 801 2526 ὄψεων
833 2463 1215 2531 διαστήματος,
1256 2461 1464 2531 ὁρᾶται,
1504 2460 1727 2516 ἐπειδὰν
1758 2469 1816 2510 20

160 2628 198 2667 1.
231 2624 294 2669 v¹.
416 2628 457 2669 2.
491 2624 555 2668 v¹.
678 2629 718 2667 3.
752 2623 814 2666 v¹.

147 2775 229 2817 14.
272 2771 394 2817 Ante
433 2772 727 2827 πορρώτερον
767 2772 946 2827 septem
984 2769 1194 2826 litterae,
1235 2783 1351 2825 quas
1386 2768 1613 2813 extricare
1645 2783 1727 2813 ne-

38 2806 175 2936 ῗῳ·
311 2836 381 2876 15·
421 2830 592 2887 ὅμᾱτος
620 2832 693 2904 'v¹.
832 2831 953 2873 Ante
992 2827 1187 2884 κέντρου
1220 2843 1366 2885 comp.
1401 2827 1629 2873 incertum
1662 2827 1726 2886 (ἐξ

38 2910 42 2922 ”
142 2893 298 2948 rufifl)
436 2895 503 2936 16.
537 2890 741 2948 ἀναγκη]
775 2903 920 2946 comp.
956 2890 1020 2933 ν’.
