1904 3184
219 108 329 161 244
568 108 916 151 OPTICORUM
947 108 1244 194 ΒΕοΕΝὲῙο
1275 109 1554 153 THEONIS.

217 229 496 300 κειμένου,
549 227 641 281 καὶ
695 225 1185 299 προσπιπτέτωσαν
1240 227 1454 292 ἀκτῖνες
1495 229 1558 281 αἱ
1599 231 1734 298 ΚΒ,
1774 232 1904 299 ΚΓ,

217 322 348 372 ΚΔ.
425 318 633 371 οὐκοῦν
671 318 734 371 τὸ
774 317 906 371 ὅλον
945 325 1124 386 σχῆμα
1161 321 1353 370 κοῖλον
1391 316 1462 371 ἂν
1501 316 1710 381 δόξειεν
1748 314 1904 373 εἶναι.

217 409 617 477 μετακινείσθω
650 407 719 476 δὴ
751 406 920 459 πάλιν
949 407 1012 459 τὸ
1045 406 1328 477 ὁρώμενον
1357 404 1450 459 καὶ
1482 408 1670 474 ἔγγιον
1698 410 1904 461 κείσθω

215 504 316 548 τοῦ
356 497 610 565 ὄμματος.
690 495 898 548 οὐκοῦν
935 495 998 548 τὸ
1037 497 1215 547 ΔΒΓ
1245 493 1390 558 δόξει
1429 496 1635 565 κυρτὸν
1673 491 1831 550 εἶναι.

159 686 184 725 5
1018 671 1116 737 νζ’.

339 778 699 849 Τετραγώνου
730 777 1077 846 ὑπάρχοντος
1116 775 1213 829 ἐὰν
1247 776 1354 829 ἀπὸ
1386 784 1483 845 τῆς
1514 784 1767 846 συναφῆς
1797 787 1904 831 τῶν

220 866 530 938 διαμέτρων
567 867 706 938 πρὸς
744 866 922 934 ὀρθάς
952 885 1035 929 τις
1066 865 1283 935 ἀνοιχθῇ
1322 873 1398 938 τῷ
1430 873 1530 919 τοῦ
1562 864 1904 937 τετραγώνου

220 954 484 1030 ἐπιπέδῳ,
523 953 611 1009 ἐπὶ
650 952 711 1008 δὲ
750 955 952 1023 ταύτης
990 960 1126 1025 τεθῇ
1167 955 1227 1008 τὸ
1268 956 1439 1025 ὄμμα,
1486 955 1549 1008 αἴ
1582 975 1639 1008 τε
1677 953 1904 1023 πλευραῖ

220 1052 320 1099 τοῦ
358 1045 707 1115 τετραγώνου
746 1042 838 1097 καὶ
878 1045 939 1097 αἱ
974 1043 1255 1114 διάμετροι
1297 1049 1409 1097 ἴσαι
1450 1052 1775 1114 φανοῦνται.
1899 1038 1904 1043 ’

136 1146 191 1185 10
334 1136 472 1188 ἔστω
521 1134 626 1205 γὰρ
666 1133 1012 1205 τετράγωνον
1050 1133 1113 1186 τὸ
1159 1135 1278 1202 ΓΖ,

222 1221 314 1277 καὶ
378 1222 661 1294 διάμετροι
723 1224 990 1292 ἤχθωσαν
1043 1223 1105 1275 αἱ
1157 1225 1279 1291 ΓΖ,

223 1315 362 1382 ΚΔ,
409 1310 501 1365 καὶ
540 1311 646 1365 ἀπὸ
690 1318 790 1365 τοῦ
835 1314 883 1364 Θ
927 1312 1066 1383 πρὸς
1104 1311 1281 1382 ὀρθὰς

226 1403 380 1473 ἤχθω
432 1410 508 1475 τῷ
556 1399 794 1474 ἐπιπέδῳ
842 1399 875 1469 ἡ
927 1404 1056 1470 ΘΒ,
1109 1402 1171 1454 τὸ
1219 1397 1280 1453 δὲ

225 1494 370 1563 ὄμμα
400 1494 608 1546 κείσθω
642 1489 730 1545 ἐπὶ
762 1497 862 1543 τοῦ
894 1493 960 1559 Β,
994 1488 1085 1543 καὶ
1116 1503 1279 1561 προσ-

137 1590 192 1629 15
223 1579 571 1635 πιπτέτωσαν
619 1579 834 1643 ἀκτῖνες
879 1580 941 1632 αἱ
982 1582 1108 1649 ΚΒ,
1149 1583 1279 1648 ΒΔ,

226 1673 346 1740 ΒΓ,
371 1674 492 1723 ΒΖ.
552 1669 759 1722 οὐκοῦν
791 1669 894 1722 δύο
927 1669 989 1721 αἰ
1019 1672 1141 1738 ΖΘ,
1177 1673 1280 1722 ΘΒ

226 1761 329 1813 δύο
361 1769 481 1822 ταῖς
515 1761 635 1827 ΓΘ,
672 1761 774 1810 ΘΒ
816 1762 930 1810 ἴσαι
963 1759 1118 1812 εἰσίν.
1173 1757 1279 1812 εἰσὶ

227 1845 287 1901 δὲ
326 1846 416 1900 καὶ
457 1847 519 1900 αἱ
554 1849 752 1914 γωνίαι
799 1846 861 1898 αἱ
901 1849 1280 1917 περιεχόμεναι

225 1935 320 1990 ὑπ’
349 1936 536 1990 αὐτῶν
570 1940 701 2004 ἴσαι,
740 1933 1024 1988 τουτέστιν
1056 1936 1118 1988 αἰ
1144 1936 1282 2007 πρὸς

139 2035 195 2074 ‘20
228 2034 302 2099 τῷ
348 2029 415 2079 Θ·
475 2030 564 2093 ἴση
612 2026 718 2095 ἄρα
762 2022 853 2077 καὶ
892 2023 925 2092 ἡ
969 2026 1071 2076 ΖΒ
1120 2023 1281 2093 βάσις

227 2123 291 2186 τῇ
324 2117 437 2167 ΒΓ
457 2113 630 2183 βάσει.
693 2113 786 2166 διὰ
816 2114 883 2165 τὰ
916 2113 1055 2166 αὐτὰ
1087 2113 1156 2182 δὴ
1188 2111 1279 2166 καὶ

228 2204 261 2273 ἡ
300 2207 409 2256 ΚΒ
457 2211 522 2274 τῇ
561 2206 673 2255 ΒΛ
721 2207 811 2271 ἴση
851 2201 1015 2255 ἐστίν.
1091 2202 1194 2255 δύο
1243 2202 1311 2271 δὴ
1359 2203 1422 2256 αἶ
1466 2206 1594 2273 ΖΒ,
1634 2206 1745 2256 ΒΓ
1787 2204 1819 2256 δ
1872 2213 1902 2258 ΐΐ

227 2302 347 2355 ταῖς
392 2295 526 2361 ΚΒ,
558 2295 668 2345 ΔΒ
726 2296 838 2344 ἴσαι
886 2289 1027 2344 εἰσὶν
1066 2288 1291 2362 ἑκατέρα
1338 2289 1584 2364 ἑκατέρᾳ·
1638 2295 1736 2346 καί
1776 2280 1904 2347 scer*

230 2382 291 2434 αἱ
319 2381 602 2451 διάμετροι
635 2385 770 2434 ἴσαι·
811 2381 948 2433 ὥστε
979 2378 1072 2432 καὶ
1104 2381 1166 2433 αἱ
1200 2381 1339 2451 πρὸς
1376 2389 1453 2454 τῷ
1486 2385 1533 2434 Β
1573 2384 1770 2449 γωνίαι
1803 2387 1882 2442 [³6

141 2479 196 2518 25
231 2473 463 2523 ἔσονται.
514 2470 581 2522 τὰ
613 2466 674 2522 δὲ
703 2469 811 2522 ὑπὸ
845 2474 981 2522 ἴσων
1004 2478 1225 2537 γωνιῶν
1249 2469 1499 2541 ὁρώμενα
1525 2475 1616 2523 ἴσα
1639 2455 1901 2540 φαίνετῶ

234 2565 345 2612 ἴσαι
378 2560 484 2630 ἄρα
515 2565 826 2628 φανοῦνται
858 2559 997 2611 αἵτε
1029 2558 1310 2630 διάμετροι
1341 2557 1432 2612 καὶ
1466 2560 1528 2612 αἱ
1553 2557 1785 2631 πλευραὶ
1816 2553 1901 2613 τ-’Ῑ

230 2648 592 2717 τετραγώνου.

352 2798 391 2837 2.
426 2792 506 2851 ἄν]
541 2791 725 2848 scripsi3
760 2806 847 2836 om.
881 2793 1016 2849 va.
1121 2797 1161 2837 3.
1198 2792 1375 2850 ἔγγειον
1406 2793 1462 2838 V.
1570 2798 1610 2837 5.
1645 2793 1738 2852 νζ]
1770 2793 1865 2846 ξε’

232 2852 307 2905 ξδ’
334 2853 389 2909 V,
421 2867 481 2896 m.
516 2857 539 2895 1
574 2867 624 2907 νς
657 2851 733 2904 ξα’
759 2867 818 2895 m.
853 2857 878 2896 2
911 2867 953 2897 v.
1076 2856 1116 2898 8.
1151 2851 1228 2896 ἐπὶ
1259 2850 1338 2911 δέ]
1372 2851 1472 2896 ἐπεὶ
1503 2852 1564 2909 δή
1594 2867 1636 2897 v.
1727 2853 1860 2896 ταύτ

235 2913 294 2955 αὐ
329 2925 420 2967 seq.
455 2911 542 2956 lac.
577 2916 603 2955 3
636 2910 728 2955 litt.
761 2926 803 2955 v.
957 2916 996 2956 9.
1032 2910 1122 2956 ἴσοι
1152 2927 1196 2968 p.
1350 2916 1419 2956 15.
1461 2913 1569 2971 BA]
1603 2915 1639 2955 Β
1671 2925 1695 2956 e
1728 2925 1847 2957 corr*

1852 2948 1867 2989 ἵ

1852 3014 1869 3034 ‹-

1851 3098 1881 3129 ᾳ,

1847 3130 1881 3184 35?
