1904 3184
190 135 223 188 8
771 132 1056 176 EUCLIDIS
1089 133 1318 176 OPTICA.

192 263 289 324 τῆς
320 254 428 308 ὑπὸ
455 256 619 307 ΓΕΒ
651 256 858 322 γωνιάς
888 255 1086 323 μείζων
1117 252 1283 307 ἐστίν.
1342 254 1539 322 μείζων
1571 254 1676 323 ἄρα
1707 252 1884 321 ὀφθή-

194 358 348 398 σεται
384 344 430 423 ,ἡ
470 347 580 396 ΑΒ
629 350 725 412 τῆς
763 344 883 395 ΒΓ.
959 342 1128 396 πάλιν
1174 342 1377 412 ὁμοίως
1421 340 1526 395 κᾶν
1566 342 1658 394 διὰ
1704 349 1803 394 τοῦ
1846 342 1895 393 Γ

197 422 427 503 σημείου
467 440 533 503 τῇ
573 436 688 484 ΔΕ
730 431 1081 502 παράλληλος
1120 430 1292 502 ἀχθῇ,
1338 433 1536 500 μείζων
1581 429 1885 499 ὀφθήσεται

196 523 229 591 ἡ
263 524 378 575 ΒΓ
407 528 504 590 τῆς
543 523 660 574 ΓΔ.

131 609 165 648 ’5
1015 593 1079 648 ε’.

320 686 400 738 Τὰ
441 689 533 737 ἴσα
570 682 779 753 μεγέθη
819 685 1017 737 ἄνισον
1055 685 1377 752 διεστηκότα
1417 685 1580 736 ἄνισα
1620 664 1888 751 φαίνεται,

197 772 291 828 καὶ
330 776 515 844 μεῖζον
554 771 639 826 ἀεὶ
677 774 738 826 τὸ
779 775 967 841 ἔγγιον
1004 775 1258 842 κείμενον
1297 780 1396 826 τοῦ
1437 774 1691 841 ὄμματος.

312 866 449 916 ἔστω
490 863 593 915 δύο
634 867 726 915 ἴσα
757 860 963 932 μεγέθη
994 863 1061 915 τὰ
1084 867 1138 915 A
1148 866 1213 931 Β,
1239 865 1358 930 ΓΔ,

200 954 347 1022 ὄμμα
395 949 456 1004 δὲ
502 954 638 1004 ἔστω
686 951 747 1004 τὸ
787 955 860 1020 Ε,
906 950 1005 1021 ἀφ’
1049 948 1117 1005 οὗ
1162 953 1359 1005 ἄνισον
1438 947 1492 994 1¹

113 1054 170 1095 10
203 1039 551 1110 διεστηκέτω,
601 1038 692 1094 καὶ
731 1042 868 1094 ἔστω
909 1043 1095 1109 ἔγγιον
1132 1042 1194 1094 τὸ
1234 1045 1287 1093 Α
1298 1044 1359 1093 Β.
1761 940 1868 1121 β

202 1129 368 1200 λέγω,
419 1130 502 1183 ὅτι
549 1132 732 1199 μεῖζον
779 1132 1082 1199 φανήσεται
1129 1131 1190 1183 τὸ
1234 1133 1360 1182 ΑΒ.
1686 1116 1760 1123 *-

202 1217 693 1291 προσπιπτέτωσαν
739 1217 954 1282 ἀκτῖνες
991 1219 1052 1272 αἱ
1087 1224 1140 1271 Α
1150 1223 1214 1287 Ε,
1239 1223 1363 1287 ΕΒ,
1672 1128 1760 1376 s

204 1312 325 1378 ΕΓ,
358 1313 484 1362 EA.
555 1306 669 1361 ἐπεὶ
705 1305 808 1362 οὗν
846 1309 913 1360 τὰ
951 1307 1059 1361 ὑπὸ
1099 1310 1364 1377 μειζόνων

205 1407 426 1466 γωνιῶν
495 1397 747 1468 ὁρώμενα
811 1399 1031 1467 μείζονα
1092 1400 1365 1467 φαίνεται,
1616 1427 1672 1474 Ε

118 1500 173 1540 15
206 1490 403 1558 μείζων
457 1483 518 1539 δὲ
570 1489 745 1554 γωνία
798 1485 832 1554 ἡ
885 1486 994 1539 ὑπὸ
1048 1489 1215 1539 ΑΕΒ
1270 1494 1366 1555 τῆς

206 1576 315 1630 ὑπὸ
358 1578 542 1644 ΓΕΔ,
581 1578 778 1645 μείζων
810 1577 916 1646 ἄρα
948 1577 1250 1645 φανήσεται
1288 1573 1380 1628 καὶ
1419 1573 1452 1642 ἡ
1492 1578 1602 1627 ΑΒ
1635 1580 1731 1641 τῆς
1772 1573 1823 1624 Γ
1826 1576 1896 1624 Δ.

1022 1722 1092 1779 ς’.

331 1813 410 1866 Τὰ
454 1812 777 1883 παράλληλα
829 1821 943 1865 τῶν
989 1812 1375 1882 διαστημάτων
1423 1811 1476 1889 ἐξ
1525 1810 1902 1879 ἀποστήματος

213 1902 465 1973 ὁρώμενα
504 1900 841 1970 ἄνισοπλατῆ
881 1903 1153 1970 φαίνεται.

122 2011 182 2052 20
326 1994 462 2044 ἔστω
504 1991 606 2043 δύο
645 1990 968 2061 παράλληλα
1005 1989 1211 2060 μεγέθη
1244 1991 1310 2043 τὰ
1340 1994 1469 2059 ΑΒ,
1499 1991 1617 2057 ΓΔ,
1657 1990 1802 2058 ὄμμα
1839 1984 1901 2040 δὲ

214 2083 351 2134 ἔστω
391 2079 453 2132 τὸ
493 2083 556 2132 Ε.
634 2077 799 2148 λέγω,
846 2079 930 2132 ὅτι
973 2080 1040 2132 τὰ
1079 2083 1215 2149 ΑΒ,
1250 2082 1353 2132 ΓΔ
1399 2079 1732 2146 ἀνισοπλατῆ
1773 2078 1902 2145 φαί-

213 2189 390 2238 νεται,
436 2166 529 2221 καὶ
566 2171 749 2238 μεῖζον
789 2166 872 2221 ἀεὶ
910 2169 972 2221 τὸ
1013 2170 1200 2236 ἔγγιον
1240 2168 1507 2237 διάστημα
1547 2173 1646 2219 τοῦ
1685 2166 1902 2235 πορρώ-

215 2278 392 2330 τερον.
453 2255 943 2328 προσπιπτέτωσαν
983 2256 1197 2320 ἀκτῖνες
1232 2259 1294 2310 αἱ
1320 2259 1439 2325 ΕΒ,
1470 2259 1591 2326 ΕΖ,
1621 2258 1746 2322 ΕΘ,
1778 2257 1904 2322 ΕΔ,

216 2351 349 2416 ΕΗ,
381 2349 509 2416 ΕΚ,
547 2344 640 2399 καὶ
680 2345 1096 2415 ἐπεζεύχθωσαν
1127 2346 1342 2399 εὐθεῖαι
1372 2346 1432 2398 αἱ
1460 2348 1580 2413 ΒΔ,
1615 2346 1742 2411 ΖΗ,
1779 2344 1904 2395 ΘΚ.

126 2455 185 2496 25
219 2435 335 2490 ἐπεὶ
382 2432 486 2490 οὖν
532 2437 729 2505 μείζων
776 2434 927 2488 ἐστὶν
979 2436 1012 2504 ἡ
1058 2435 1166 2489 ὑπὸ
1214 2439 1374 2489 ΒΕΔ
1419 2436 1594 2502 γωνία
1646 2439 1742 2501 τῆς
1794 2431 1904 2484 ὑπὸ

223 2529 401 2579 ΖΕΗ
424 2527 644 2594 γωνίας,
683 2527 879 2594 μείζων
917 2526 1023 2596 ἄρα
1054 2523 1146 2578 καὶ
1177 2524 1210 2593 ἡ
1236 2528 1342 2577 BA
1368 2530 1464 2592 τῆς
1490 2525 1609 2575 ΖΗ
1634 2523 1904 2591 φαίνεται.

341 2647 379 2686 1.
415 2643 570 2700 ΓΕΒ]
604 2643 747 2686 ΒΕΓ
772 2640 981 2696 BVat.v‚
1027 2643 1162 2684 ΕΓΒ
1194 2640 1391 2685 Vat.¹m.
1513 2643 1553 2682 2.
1587 2636 1698 2695 κᾶν]
1732 2634 1814 2681 καί
1842 2651 1904 2681 m.

281 2706 321 2745 3.
358 2702 507 2760 ἀχθῇ]
540 2700 590 2744 in
620 2715 709 2744 ras,
742 2700 797 2744 V.
951 2704 990 2744 6.
1032 2699 1218 2759 ἄνισον]
1251 2713 1362 2744 corr.
1397 2711 1454 2741 ex
1484 2694 1659 2742 ἀνίσων
1690 2711 1732 2740 v.
1865 2699 1904 2740 7.

224 2760 404 2818 ἔγγειον
434 2761 490 2817 V,
524 2774 637 2804 corr,
669 2775 728 2804 m.
765 2763 804 2814 1,
836 2761 890 2803 uh
920 2758 1000 2803 lin.
1036 2763 1104 2804 10.
1213 2758 1381 2815 ὅματος
1411 2772 1452 2802 v.
1571 2761 1638 2799 12.
1671 2755 1786 2814 AE]
1821 2757 1904 2798 EA

219 2821 427 2865 BVat.v.
596 2823 665 2864 15.
713 2819 873 2877 ΑΕΒ]
920 2826 1012 2863 τῶν
1050 2822 1184 2863 ΑΕΒ
1230 2818 1423 2862 BVa‘m
1463 2818 1511 2860 et
1547 2815 1610 2872 V,
1660 2814 1742 2858 sed
1789 2827 1904 2858 corr.

283 2884 351 2923 16.
386 2879 498 2936 ἄρα]
540 2893 628 2924 om.
660 2894 720 2923 m.
857 2883 927 2921 22.
971 2877 1149 2935 ἔγγειον
1179 2878 1235 2934 V,
1276 2877 1369 2920 sed.
1404 2890 1516 2919 corr.
1657 2878 1727 2919 23.
1767 2886 1904 2928 προσ-

222 2936 423 2983 πιπτέτω
454 2938 542 2983 Bv.
637 2939 740 2996 EA]
775 2940 870 2982 ΕΚ
897 2938 986 2982 Bv.
1084 2942 1154 2982 24.
1189 2937 1306 2995 ΕΚ]
1340 2938 1424 2980 ΕΔ
1455 2935 1544 2979 Bv.
1636 2937 1706 2978 25.
1740 2930 1834 2976 ἐστί
1863 2946 1904 2976 v.
