<?xml version="1.0" encoding="UTF-8"?>
<!DOCTYPE html PUBLIC "-//W3C//DTD XHTML 1.0 Transitional//EN"
    "http://www.w3.org/TR/xhtml1/DTD/xhtml1-transitional.dtd">
<html xmlns="http://www.w3.org/1999/xhtml" xml:lang="en" lang="en">
 <head>
  <title>
</title>
<meta http-equiv="Content-Type" content="text/html;charset=utf-8" />
  <meta name='ocr-system' content='tesseract 3.04.00' />
  <meta name='ocr-capabilities' content='ocr_page ocr_carea ocr_par ocr_line ocrx_word'/>
</head>
<body>
  <div class='ocr_page' id='page_1' title='image "./euclidisoperaomn07eucluoft_0086.png"; bbox 0 0 1904 3184; ppageno 0'>
   <div class='ocr_carea' id='block_1_1' title="bbox 95 1154 152 1194">
    <p class='ocr_par' dir='ltr' id='par_1_1' title="bbox 95 1154 152 1194">
     <span class='ocr_line' id='line_1_1' title="bbox 95 1154 152 1194; baseline 0.018 -1"><span class='ocrx_word' id='word_1_1' title='bbox 95 1154 152 1194; x_wconf 89' lang='grc'><strong><em>10</em></strong></span> 
     </span>
    </p>
   </div>
   <div class='ocr_carea' id='block_1_2' title="bbox 92 1614 150 1653">
    <p class='ocr_par' dir='ltr' id='par_1_2' title="bbox 92 1614 150 1653">
     <span class='ocr_line' id='line_1_2' title="bbox 92 1614 150 1653; baseline 0 0"><span class='ocrx_word' id='word_1_2' title='bbox 92 1614 150 1653; x_wconf 84' lang='lat'><strong><em>15</em></strong></span> 
     </span>
    </p>
   </div>
   <div class='ocr_carea' id='block_1_3' title="bbox 93 2058 151 2098">
    <p class='ocr_par' dir='ltr' id='par_1_3' title="bbox 93 2058 151 2098">
     <span class='ocr_line' id='line_1_3' title="bbox 93 2058 151 2098; baseline 0 0"><span class='ocrx_word' id='word_1_3' title='bbox 93 2058 151 2098; x_wconf 84' lang='lat'><strong><em>20</em></strong></span> 
     </span>
    </p>
   </div>
   <div class='ocr_carea' id='block_1_4' title="bbox 94 2503 151 2542">
    <p class='ocr_par' dir='ltr' id='par_1_4' title="bbox 94 2503 151 2542">
     <span class='ocr_line' id='line_1_4' title="bbox 94 2503 151 2542; baseline 0 0"><span class='ocrx_word' id='word_1_4' title='bbox 94 2503 151 2542; x_wconf 78' lang='lat'><strong><em>25</em></strong></span> 
     </span>
    </p>
   </div>
   <div class='ocr_carea' id='block_1_5' title="bbox 183 160 1299 213">
    <p class='ocr_par' dir='ltr' id='par_1_5' title="bbox 183 160 1299 213">
     <span class='ocr_line' id='line_1_5' title="bbox 183 160 1299 213; baseline 0.002 -11"><span class='ocrx_word' id='word_1_5' title='bbox 183 160 257 213; x_wconf 82' lang='lat'><strong><em>24</em></strong></span> <span class='ocrx_word' id='word_1_6' title='bbox 752 162 1037 204; x_wconf 85' lang='lat' dir='ltr'>EUCLIDIS</span> <span class='ocrx_word' id='word_1_7' title='bbox 1069 163 1299 205; x_wconf 85' lang='lat' dir='ltr'><strong>OPTICA.</strong></span> 
     </span>
    </p>
   </div>
   <div class='ocr_carea' id='block_1_6' title="bbox 182 280 1904 1063">
    <p class='ocr_par' dir='ltr' id='par_1_6' title="bbox 182 280 1904 1063">
     <span class='ocr_line' id='line_1_6' title="bbox 182 280 1873 354; baseline 0.001 -19"><span class='ocrx_word' id='word_1_8' title='bbox 182 282 430 351; x_wconf 76' lang='grc' dir='ltr'><strong><em>ὕπερθεν</em></strong></span> <span class='ocrx_word' id='word_1_9' title='bbox 485 284 740 351; x_wconf 86' lang='grc' dir='ltr'><strong><em>φαίνεται</em></strong></span> <span class='ocrx_word' id='word_1_10' title='bbox 795 289 871 354; x_wconf 76' lang='grc' dir='ltr'><strong><em>τῷ</em></strong></span> <span class='ocrx_word' id='word_1_11' title='bbox 921 286 974 334; x_wconf 90' lang='lat' dir='ltr'><em>A</em></span> <span class='ocrx_word' id='word_1_12' title='bbox 985 285 1030 334; x_wconf 94' lang='lat' dir='ltr'><strong>Z</strong></span> <span class='ocrx_word' id='word_1_13' title='bbox 1084 280 1320 351; x_wconf 80' lang='grc' dir='ltr'><em>μεγέθει.</em></span> <span class='ocrx_word' id='word_1_14' title='bbox 1412 284 1754 351; x_wconf 83' lang='grc' dir='ltr'><strong><em>μετακείσθω</em></strong></span> <span class='ocrx_word' id='word_1_15' title='bbox 1810 285 1873 337; x_wconf 90' lang='grc' dir='ltr'><strong><em>τὸ</em></strong></span> 
     </span>
     <span class='ocr_line' id='line_1_7' title="bbox 185 367 1872 441; baseline 0.001 -16"><span class='ocrx_word' id='word_1_16' title='bbox 185 373 331 441; x_wconf 91' lang='grc' dir='ltr'><strong><em>ὄμμα</em></strong></span> <span class='ocrx_word' id='word_1_17' title='bbox 379 370 651 441; x_wconf 77' lang='grc' dir='ltr'><strong><em>ἐγγυτέρω</em></strong></span> <span class='ocrx_word' id='word_1_18' title='bbox 695 369 788 423; x_wconf 83' lang='grc' dir='ltr'><strong><em>καὶ</em></strong></span> <span class='ocrx_word' id='word_1_19' title='bbox 835 373 970 423; x_wconf 82' lang='grc' dir='ltr'><em>ἔστω</em></span> <span class='ocrx_word' id='word_1_20' title='bbox 1019 371 1080 424; x_wconf 90' lang='grc' dir='ltr'><strong><em>τὸ</em></strong></span> <span class='ocrx_word' id='word_1_21' title='bbox 1119 374 1202 440; x_wconf 91' lang='grc' dir='ltr'><strong><em>Η,</em></strong></span> <span class='ocrx_word' id='word_1_22' title='bbox 1250 369 1347 440; x_wconf 85' lang='grc' dir='ltr'><strong><em>ἀφ’</em></strong></span> <span class='ocrx_word' id='word_1_23' title='bbox 1384 367 1451 424; x_wconf 84' lang='grc' dir='ltr'><strong><em>οὗ</em></strong></span> <span class='ocrx_word' id='word_1_24' title='bbox 1489 369 1872 441; x_wconf 79' lang='grc' dir='ltr'><strong><em>προσπιπτέτω</em></strong></span> 
     </span>
     <span class='ocr_line' id='line_1_8' title="bbox 185 457 1874 530; baseline 0 -18"><span class='ocrx_word' id='word_1_25' title='bbox 185 459 338 523; x_wconf 84' lang='grc' dir='ltr'><strong><em>ἀκτὶς</em></strong></span> <span class='ocrx_word' id='word_1_26' title='bbox 377 461 469 512; x_wconf 83' lang='grc' dir='ltr'><strong><em>διὰ</em></strong></span> <span class='ocrx_word' id='word_1_27' title='bbox 507 467 606 513; x_wconf 88' lang='grc' dir='ltr'><strong><em>τοῦ</em></strong></span> <span class='ocrx_word' id='word_1_28' title='bbox 648 463 702 513; x_wconf 93' lang='grc' dir='ltr'><em>Γ</em></span> <span class='ocrx_word' id='word_1_29' title='bbox 738 459 771 527; x_wconf 83' lang='grc' dir='ltr'>ἡ</span> <span class='ocrx_word' id='word_1_30' title='bbox 811 463 944 512; x_wconf 90' lang='grc' dir='ltr'><strong><em>ΗΘ.</em></strong></span> <span class='ocrx_word' id='word_1_31' title='bbox 1029 458 1143 512; x_wconf 83' lang='grc' dir='ltr'><strong><em>ἐπεὶ</em></strong></span> <span class='ocrx_word' id='word_1_32' title='bbox 1191 457 1294 513; x_wconf 83' lang='grc' dir='ltr'><strong><em>οὖν</em></strong></span> <span class='ocrx_word' id='word_1_33' title='bbox 1339 459 1447 513; x_wconf 86' lang='grc' dir='ltr'><strong><em>ὑπὸ</em></strong></span> <span class='ocrx_word' id='word_1_34' title='bbox 1495 468 1594 512; x_wconf 87' lang='grc' dir='ltr'><strong><em>τοῦ</em></strong></span> <span class='ocrx_word' id='word_1_35' title='bbox 1633 462 1874 530; x_wconf 86' lang='grc' dir='ltr'><strong><em>ὄμματος</em></strong></span> 
     </span>
     <span class='ocr_line' id='line_1_9' title="bbox 184 547 1872 618; baseline 0.001 -16"><span class='ocrx_word' id='word_1_36' title='bbox 184 548 277 603; x_wconf 83' lang='grc' dir='ltr'><strong><em>καὶ</em></strong></span> <span class='ocrx_word' id='word_1_37' title='bbox 315 556 412 618; x_wconf 78' lang='grc' dir='ltr'><strong><em>τῆς</em></strong></span> <span class='ocrx_word' id='word_1_38' title='bbox 449 552 567 602; x_wconf 92' lang='grc' dir='ltr'><strong><em>ΗΘ</em></strong></span> <span class='ocrx_word' id='word_1_39' title='bbox 606 548 826 611; x_wconf 76' lang='grc' dir='ltr'><em>ἀκτῖνος</em></span> <span class='ocrx_word' id='word_1_40' title='bbox 864 550 1119 617; x_wconf 87' lang='grc' dir='ltr'><strong><em>φαίνεται</em></strong></span> <span class='ocrx_word' id='word_1_41' title='bbox 1158 550 1219 602; x_wconf 92' lang='grc' dir='ltr'><strong><em>τὸ</em></strong></span> <span class='ocrx_word' id='word_1_42' title='bbox 1262 551 1362 601; x_wconf 90' lang='grc' dir='ltr'><strong><em>ΓΛ</em></strong></span> <span class='ocrx_word' id='word_1_43' title='bbox 1400 547 1491 601; x_wconf 89' lang='grc' dir='ltr'><strong><em>καὶ</em></strong></span> <span class='ocrx_word' id='word_1_44' title='bbox 1531 550 1592 602; x_wconf 90' lang='grc' dir='ltr'><strong><em>τὸ</em></strong></span> <span class='ocrx_word' id='word_1_45' title='bbox 1636 553 1763 618; x_wconf 91' lang='grc' dir='ltr'><strong><em>ΘΒ,</em></strong></span> <span class='ocrx_word' id='word_1_46' title='bbox 1810 551 1872 603; x_wconf 89' lang='grc' dir='ltr'><strong><em>τὸ</em></strong></span> 
     </span>
     <span class='ocr_line' id='line_1_10' title="bbox 184 637 1874 710; baseline 0 -19"><span class='ocrx_word' id='word_1_47' title='bbox 184 642 294 691; x_wconf 93' lang='grc' dir='ltr'><strong><em>ΑΒ</em></strong></span> <span class='ocrx_word' id='word_1_48' title='bbox 334 640 440 708; x_wconf 77' lang='grc' dir='ltr'><strong><em>ἄρα</em></strong></span> <span class='ocrx_word' id='word_1_49' title='bbox 478 645 578 691; x_wconf 89' lang='grc' dir='ltr'><strong><em>τοῦ</em></strong></span> <span class='ocrx_word' id='word_1_50' title='bbox 612 640 714 690; x_wconf 91' lang='grc' dir='ltr'><strong><em>ΓΛ</em></strong></span> <span class='ocrx_word' id='word_1_51' title='bbox 751 640 934 706; x_wconf 81' lang='grc' dir='ltr'><strong><em>μεῖζον</em></strong></span> <span class='ocrx_word' id='word_1_52' title='bbox 973 640 1276 706; x_wconf 84' lang='grc' dir='ltr'><strong><em>φανήσεται</em></strong></span> <span class='ocrx_word' id='word_1_53' title='bbox 1314 646 1389 710; x_wconf 79' lang='grc' dir='ltr'><strong><em>τῷ</em></strong></span> <span class='ocrx_word' id='word_1_54' title='bbox 1422 642 1549 691; x_wconf 93' lang='grc' dir='ltr'><strong><em>ΑΘ.</em></strong></span> <span class='ocrx_word' id='word_1_55' title='bbox 1619 637 1874 707; x_wconf 83' lang='grc' dir='ltr'><strong><em>ἐβλέπετο</em></strong></span> 
     </span>
     <span class='ocr_line' id='line_1_11' title="bbox 186 724 1873 798; baseline 0 -19"><span class='ocrx_word' id='word_1_56' title='bbox 186 724 247 779; x_wconf 75' lang='grc' dir='ltr'><strong><em>δὲ</em></strong></span> <span class='ocrx_word' id='word_1_57' title='bbox 285 726 394 779; x_wconf 85' lang='grc' dir='ltr'><strong><em>ὑπὸ</em></strong></span> <span class='ocrx_word' id='word_1_58' title='bbox 434 734 534 779; x_wconf 89' lang='grc' dir='ltr'><strong><em>τοῦ</em></strong></span> <span class='ocrx_word' id='word_1_59' title='bbox 571 730 625 779; x_wconf 90' lang='grc' dir='ltr'><em>Ε</em></span> <span class='ocrx_word' id='word_1_60' title='bbox 668 734 742 798; x_wconf 78' lang='grc' dir='ltr'><strong><em>τῷ</em></strong></span> <span class='ocrx_word' id='word_1_61' title='bbox 782 731 836 779; x_wconf 86' lang='lat' dir='ltr'><em>A</em></span> <span class='ocrx_word' id='word_1_62' title='bbox 849 730 893 778; x_wconf 95' lang='lat' dir='ltr'>Z</span> <span class='ocrx_word' id='word_1_63' title='bbox 939 729 1145 795; x_wconf 81' lang='grc' dir='ltr'><strong><em>μεῖζον,</em></strong></span> <span class='ocrx_word' id='word_1_64' title='bbox 1191 729 1374 795; x_wconf 80' lang='grc' dir='ltr'><strong><em>μεῖζον</em></strong></span> <span class='ocrx_word' id='word_1_65' title='bbox 1413 724 1473 779; x_wconf 75' lang='grc' dir='ltr'><strong><em>δὲ</em></strong></span> <span class='ocrx_word' id='word_1_66' title='bbox 1512 728 1574 779; x_wconf 91' lang='grc' dir='ltr'><strong><em>τὸ</em></strong></span> <span class='ocrx_word' id='word_1_67' title='bbox 1613 731 1667 779; x_wconf 93' lang='lat' dir='ltr'><em>A</em></span> <span class='ocrx_word' id='word_1_68' title='bbox 1681 731 1727 779; x_wconf 93' lang='grc' dir='ltr'>Θ</span> <span class='ocrx_word' id='word_1_69' title='bbox 1773 735 1873 780; x_wconf 88' lang='grc' dir='ltr'><strong><em>τοῦ</em></strong></span> 
     </span>
     <span class='ocr_line' id='line_1_12' title="bbox 185 813 1904 886; baseline 0.001 -18"><span class='ocrx_word' id='word_1_70' title='bbox 185 819 309 868; x_wconf 91' lang='grc' dir='ltr'><strong><em>ΑΖ.</em></strong></span> <span class='ocrx_word' id='word_1_71' title='bbox 371 817 701 886; x_wconf 79' lang='grc' dir='ltr'><strong><em>προσιόντος</em></strong></span> <span class='ocrx_word' id='word_1_72' title='bbox 731 813 831 885; x_wconf 75' lang='grc' dir='ltr'><strong><em>μὲν</em></strong></span> <span class='ocrx_word' id='word_1_73' title='bbox 863 817 970 886; x_wconf 77' lang='grc' dir='ltr'><strong><em>ἄρα</em></strong></span> <span class='ocrx_word' id='word_1_74' title='bbox 1000 823 1099 868; x_wconf 88' lang='grc' dir='ltr'><strong><em>τοῦ</em></strong></span> <span class='ocrx_word' id='word_1_75' title='bbox 1132 817 1371 885; x_wconf 78' lang='grc' dir='ltr'><strong><em>ὄμματος</em></strong></span> <span class='ocrx_word' id='word_1_76' title='bbox 1402 819 1585 885; x_wconf 81' lang='grc' dir='ltr'><strong><em>μεῖζον</em></strong></span> <span class='ocrx_word' id='word_1_77' title='bbox 1615 817 1676 869; x_wconf 90' lang='grc' dir='ltr'><strong><em>τὸ</em></strong></span> <span class='ocrx_word' id='word_1_78' title='bbox 1708 815 1874 886; x_wconf 88' lang='grc' dir='ltr'><strong><em>ὑπερ-</em></strong></span> <span class='ocrx_word' id='word_1_79' title='bbox 1902 879 1904 883; x_wconf 28' lang='grc' dir='ltr'>Ι</span> 
     </span>
     <span class='ocr_line' id='line_1_13' title="bbox 185 901 1904 973; baseline 0.001 -17"><span class='ocrx_word' id='word_1_80' title='bbox 185 905 526 973; x_wconf 84' lang='grc' dir='ltr'><strong><em>φαινόμενον</em></strong></span> <span class='ocrx_word' id='word_1_81' title='bbox 581 906 837 972; x_wconf 87' lang='grc' dir='ltr'><strong><em>φαίνεται</em></strong></span> <span class='ocrx_word' id='word_1_82' title='bbox 901 905 1134 972; x_wconf 81' lang='grc' dir='ltr'><strong><em>μείζονι,</em></strong></span> <span class='ocrx_word' id='word_1_83' title='bbox 1196 903 1456 967; x_wconf 80' lang='grc' dir='ltr'><strong><em>ἀπιόντος</em></strong></span> <span class='ocrx_word' id='word_1_84' title='bbox 1511 901 1571 957; x_wconf 75' lang='grc' dir='ltr'><strong><em>δὲ</em></strong></span> <span class='ocrx_word' id='word_1_85' title='bbox 1627 904 1904 958; x_wconf 46' lang='grc' dir='ltr'><strong><em>ε’λάττονιῑ·</em></strong></span> 
     </span>
     <span class='ocr_line' id='line_1_14' title="bbox 186 992 1353 1063; baseline 0 -17"><span class='ocrx_word' id='word_1_86' title='bbox 186 993 467 1063; x_wconf 87' lang='grc' dir='ltr'><strong><em>[φαίνεται</em></strong></span> <span class='ocrx_word' id='word_1_87' title='bbox 507 993 568 1045; x_wconf 89' lang='grc' dir='ltr'><strong><em>τὸ</em></strong></span> <span class='ocrx_word' id='word_1_88' title='bbox 608 992 1092 1063; x_wconf 84' lang='grc' dir='ltr'><strong><em>ὑπερφαινόμενον</em></strong></span> <span class='ocrx_word' id='word_1_89' title='bbox 1130 993 1353 1063; x_wconf 67' lang='grc' dir='ltr'><strong><em>μεῖζον]</em></strong></span> 
     </span>
    </p>
   </div>
   <div class='ocr_carea' id='block_1_7' title="bbox 182 1139 1904 2827">
    <p class='ocr_par' dir='ltr' id='par_1_7' title="bbox 985 1139 1074 1197">
     <span class='ocr_line' id='line_1_15' title="bbox 985 1139 1074 1197; baseline 0.011 -3"><span class='ocrx_word' id='word_1_90' title='bbox 985 1139 1074 1197; x_wconf 80' lang='grc' dir='ltr'><strong><em>ις’.</em></strong></span> 
     </span>
    </p>

    <p class='ocr_par' dir='ltr' id='par_1_8' title="bbox 182 1243 1904 2827">
     <span class='ocr_line' id='line_1_16' title="bbox 282 1243 1904 1350; baseline 0.001 -53"><span class='ocrx_word' id='word_1_91' title='bbox 282 1243 418 1298; x_wconf 86' lang='grc' dir='ltr'><strong><em>Ὅσα</em></strong></span> <span class='ocrx_word' id='word_1_92' title='bbox 465 1243 719 1312; x_wconf 83' lang='grc' dir='ltr'><strong><em>ἀλλήλων</em></strong></span> <span class='ocrx_word' id='word_1_93' title='bbox 764 1243 1015 1350; x_wconf 85' lang='grc' dir='ltr'><strong><em>ὑπερέχει</em></strong></span> <span class='ocrx_word' id='word_1_94' title='bbox 1064 1243 1245 1297; x_wconf 82' lang='grc' dir='ltr'><strong><em>ἐπάνω</em></strong></span> <span class='ocrx_word' id='word_1_95' title='bbox 1293 1252 1392 1298; x_wconf 87' lang='grc' dir='ltr'><strong><em>τοῦ</em></strong></span> <span class='ocrx_word' id='word_1_96' title='bbox 1433 1246 1672 1315; x_wconf 79' lang='grc' dir='ltr'><strong><em>ὄμματος</em></strong></span> <span class='ocrx_word' id='word_1_97' title='bbox 1711 1246 1904 1323; x_wconf 40' lang='grc' dir='ltr'><strong><em>ἄνισα..ἱ</em></strong></span> 
     </span>
     <span class='ocr_line' id='line_1_17' title="bbox 184 1332 1904 1404; baseline 0 -17"><span class='ocrx_word' id='word_1_98' title='bbox 184 1333 417 1404; x_wconf 88' lang='grc' dir='ltr'><strong><em>μεγέθη,</em></strong></span> <span class='ocrx_word' id='word_1_99' title='bbox 464 1334 793 1403; x_wconf 78' lang='grc' dir='ltr'><strong><em>προσιόντος</em></strong></span> <span class='ocrx_word' id='word_1_100' title='bbox 834 1353 936 1402; x_wconf 89' lang='grc' dir='ltr'><strong><em>μεν</em></strong></span> <span class='ocrx_word' id='word_1_101' title='bbox 974 1340 1073 1385; x_wconf 86' lang='grc' dir='ltr'><strong><em>τοῦ</em></strong></span> <span class='ocrx_word' id='word_1_102' title='bbox 1114 1334 1354 1402; x_wconf 88' lang='grc' dir='ltr'><strong><em>ὄμματος</em></strong></span> <span class='ocrx_word' id='word_1_103' title='bbox 1395 1332 1651 1387; x_wconf 78' lang='grc' dir='ltr'><strong><em>ε’λάσσονι</em></strong></span> <span class='ocrx_word' id='word_1_104' title='bbox 1691 1337 1904 1404; x_wconf 58' lang='grc' dir='ltr'><strong><em>μεῖζον,Ι</em></strong></span> 
     </span>
     <span class='ocr_line' id='line_1_18' title="bbox 184 1419 1904 1494; baseline 0 -18"><span class='ocrx_word' id='word_1_105' title='bbox 184 1425 441 1494; x_wconf 86' lang='grc' dir='ltr'><strong><em>φαίνεται</em></strong></span> <span class='ocrx_word' id='word_1_106' title='bbox 479 1423 541 1475; x_wconf 92' lang='grc' dir='ltr'><strong><em>τὸ</em></strong></span> <span class='ocrx_word' id='word_1_107' title='bbox 580 1421 1080 1492; x_wconf 84' lang='grc' dir='ltr'><strong><em>ὑπερφαινόμενον,</em></strong></span> <span class='ocrx_word' id='word_1_108' title='bbox 1121 1421 1380 1484; x_wconf 86' lang='grc' dir='ltr'><strong><em>ἀπιόντος</em></strong></span> <span class='ocrx_word' id='word_1_109' title='bbox 1419 1419 1478 1475; x_wconf 80' lang='grc' dir='ltr'><strong><em>δε</em></strong></span> <span class='ocrx_word' id='word_1_110' title='bbox 1518 1426 1738 1492; x_wconf 80' lang='grc' dir='ltr'><strong><em>μείζονι.</em></strong></span> <span class='ocrx_word' id='word_1_111' title='bbox 1900 1420 1904 1426; x_wconf 73' lang='grc'><strong>’</strong></span> 
     </span>
     <span class='ocr_line' id='line_1_19' title="bbox 296 1506 1904 1581; baseline -0.001 -15"><span class='ocrx_word' id='word_1_112' title='bbox 296 1515 432 1566; x_wconf 83' lang='grc' dir='ltr'><strong><em>ἔστω</em></strong></span> <span class='ocrx_word' id='word_1_113' title='bbox 473 1512 637 1564; x_wconf 77' lang='grc' dir='ltr'><strong><em>ἄνισα</em></strong></span> <span class='ocrx_word' id='word_1_114' title='bbox 676 1509 883 1581; x_wconf 83' lang='grc' dir='ltr'><strong><em>μεγέθη</em></strong></span> <span class='ocrx_word' id='word_1_115' title='bbox 923 1511 989 1563; x_wconf 81' lang='grc' dir='ltr'><strong><em>τὰ</em></strong></span> <span class='ocrx_word' id='word_1_116' title='bbox 1020 1514 1148 1579; x_wconf 92' lang='grc' dir='ltr'><strong><em>ΑΒ,</em></strong></span> <span class='ocrx_word' id='word_1_117' title='bbox 1182 1513 1299 1579; x_wconf 91' lang='grc' dir='ltr'><strong><em>ΓΔ,</em></strong></span> <span class='ocrx_word' id='word_1_118' title='bbox 1339 1506 1418 1564; x_wconf 82' lang='grc' dir='ltr'><strong><em>ὧν</em></strong></span> <span class='ocrx_word' id='word_1_119' title='bbox 1449 1515 1631 1581; x_wconf 79' lang='grc' dir='ltr'><strong><em>μεῖζον</em></strong></span> <span class='ocrx_word' id='word_1_120' title='bbox 1663 1513 1724 1565; x_wconf 89' lang='grc' dir='ltr'><strong><em>τὸ</em></strong></span> <span class='ocrx_word' id='word_1_121' title='bbox 1750 1507 1904 1564; x_wconf 61' lang='lat' dir='ltr'><strong><em>Ast}</em></strong></span> 
     </span>
     <span class='ocr_line' id='line_1_20' title="bbox 185 1585 1904 1670; baseline -0.001 -15"><span class='ocrx_word' id='word_1_122' title='bbox 185 1604 321 1655; x_wconf 83' lang='grc' dir='ltr'><strong><em>ἔστω</em></strong></span> <span class='ocrx_word' id='word_1_123' title='bbox 355 1603 500 1670; x_wconf 90' lang='grc' dir='ltr'><strong><em>ὄμμα</em></strong></span> <span class='ocrx_word' id='word_1_124' title='bbox 531 1601 592 1653; x_wconf 91' lang='grc' dir='ltr'><strong><em>τὸ</em></strong></span> <span class='ocrx_word' id='word_1_125' title='bbox 626 1604 691 1669; x_wconf 96' lang='grc' dir='ltr'><strong><em>Ε,</em></strong></span> <span class='ocrx_word' id='word_1_126' title='bbox 732 1598 830 1669; x_wconf 88' lang='grc' dir='ltr'><strong><em>ἀφ’</em></strong></span> <span class='ocrx_word' id='word_1_127' title='bbox 867 1596 934 1653; x_wconf 88' lang='grc' dir='ltr'><strong><em>οὗ</em></strong></span> <span class='ocrx_word' id='word_1_128' title='bbox 971 1599 1354 1670; x_wconf 89' lang='grc' dir='ltr'><strong><em>προσπιπτέτω</em></strong></span> <span class='ocrx_word' id='word_1_129' title='bbox 1388 1598 1539 1662; x_wconf 83' lang='grc' dir='ltr'><strong><em>ἀκτὶς</em></strong></span> <span class='ocrx_word' id='word_1_130' title='bbox 1572 1602 1665 1653; x_wconf 82' lang='grc' dir='ltr'><strong><em>διὰ</em></strong></span> <span class='ocrx_word' id='word_1_131' title='bbox 1696 1608 1795 1654; x_wconf 88' lang='grc' dir='ltr'><strong><em>τοῦ</em></strong></span> <span class='ocrx_word' id='word_1_132' title='bbox 1830 1602 1904 1653; x_wconf 91' lang='grc' dir='ltr'><em>Γ</em></span> <span class='ocrx_word' id='word_1_133' title='bbox 1895 1585 1904 1622; x_wconf 68' lang='lat'><em>⁸</em></span> 
     </span>
     <span class='ocr_line' id='line_1_21' title="bbox 183 1685 1904 1759; baseline -0.004 -15"><span class='ocrx_word' id='word_1_134' title='bbox 183 1691 217 1759; x_wconf 84' lang='grc' dir='ltr'>ἡ</span> <span class='ocrx_word' id='word_1_135' title='bbox 256 1694 378 1744; x_wconf 90' lang='grc' dir='ltr'><strong><em>ΕΖ.</em></strong></span> <span class='ocrx_word' id='word_1_136' title='bbox 450 1687 566 1743; x_wconf 80' lang='grc' dir='ltr'><strong><em>ἐπεὶ</em></strong></span> <span class='ocrx_word' id='word_1_137' title='bbox 605 1685 708 1742; x_wconf 77' lang='grc' dir='ltr'><strong><em>οὖν</em></strong></span> <span class='ocrx_word' id='word_1_138' title='bbox 745 1688 855 1741; x_wconf 87' lang='grc' dir='ltr'><strong><em>ὑπὸ</em></strong></span> <span class='ocrx_word' id='word_1_139' title='bbox 1899 1693 1904 1702; x_wconf 96' lang='grc'><em>“</em></span> 
     </span>
     <span class='ocr_line' id='line_1_22' title="bbox 182 1777 855 1849; baseline -0.004 -16"><span class='ocrx_word' id='word_1_140' title='bbox 182 1787 279 1849; x_wconf 82' lang='grc' dir='ltr'><strong><em>τῆς</em></strong></span> <span class='ocrx_word' id='word_1_141' title='bbox 317 1781 429 1832; x_wconf 93' lang='grc' dir='ltr'><strong><em>ΕΖ</em></strong></span> <span class='ocrx_word' id='word_1_142' title='bbox 463 1777 684 1840; x_wconf 82' lang='grc' dir='ltr'><strong><em>ἀκτῖνος</em></strong></span> <span class='ocrx_word' id='word_1_143' title='bbox 722 1777 855 1830; x_wconf 86' lang='grc' dir='ltr'><strong><em>ἀπο-</em></strong></span> 
     </span>
     <span class='ocr_line' id='line_1_23' title="bbox 183 1867 855 1938; baseline -0.004 -16"><span class='ocrx_word' id='word_1_144' title='bbox 183 1867 518 1938; x_wconf 77' lang='grc' dir='ltr'><strong><em>λαμβάνεται</em></strong></span> <span class='ocrx_word' id='word_1_145' title='bbox 587 1867 653 1920; x_wconf 82' lang='grc' dir='ltr'><strong><em>τὰ</em></strong></span> <span class='ocrx_word' id='word_1_146' title='bbox 729 1870 855 1935; x_wconf 92' lang='grc' dir='ltr'><strong><em>ΖΒ,</em></strong></span> 
     </span>
     <span class='ocr_line' id='line_1_24' title="bbox 186 1955 856 2027; baseline -0.007 -15"><span class='ocrx_word' id='word_1_147' title='bbox 186 1961 286 2012; x_wconf 90' lang='grc' dir='ltr'><strong><em>ΓΛ</em></strong></span> <span class='ocrx_word' id='word_1_148' title='bbox 335 1955 567 2027; x_wconf 82' lang='grc' dir='ltr'><strong><em>μεγέθη,</em></strong></span> <span class='ocrx_word' id='word_1_149' title='bbox 622 1957 688 2008; x_wconf 79' lang='grc' dir='ltr'><strong><em>τὰ</em></strong></span> <span class='ocrx_word' id='word_1_150' title='bbox 734 1959 856 2023; x_wconf 89' lang='grc' dir='ltr'><strong><em>ΒΖ,</em></strong></span> 
     </span>
     <span class='ocr_line' id='line_1_25' title="bbox 186 2044 857 2117; baseline -0.006 -17"><span class='ocrx_word' id='word_1_151' title='bbox 186 2050 286 2100; x_wconf 89' lang='grc' dir='ltr'><strong><em>ΓΔ</em></strong></span> <span class='ocrx_word' id='word_1_152' title='bbox 325 2048 432 2117; x_wconf 79' lang='grc' dir='ltr'><strong><em>ἄρα</em></strong></span> <span class='ocrx_word' id='word_1_153' title='bbox 473 2050 564 2098; x_wconf 80' lang='grc' dir='ltr'><strong><em>ἴσα</em></strong></span> <span class='ocrx_word' id='word_1_154' title='bbox 600 2044 857 2112; x_wconf 79' lang='grc' dir='ltr'><strong><em>ἀλλήλοις</em></strong></span> 
     </span>
     <span class='ocr_line' id='line_1_26' title="bbox 184 2135 858 2206; baseline -0.004 -17"><span class='ocrx_word' id='word_1_155' title='bbox 184 2138 455 2206; x_wconf 84' lang='grc' dir='ltr'><strong><em>φαίνεται.</em></strong></span> <span class='ocrx_word' id='word_1_156' title='bbox 517 2135 579 2187; x_wconf 90' lang='grc' dir='ltr'><strong><em>τὸ</em></strong></span> <span class='ocrx_word' id='word_1_157' title='bbox 608 2138 662 2186; x_wconf 92' lang='lat' dir='ltr'><em>A</em></span> <span class='ocrx_word' id='word_1_158' title='bbox 671 2138 717 2186; x_wconf 95' lang='grc' dir='ltr'><strong><em>Β</em></strong></span> <span class='ocrx_word' id='word_1_159' title='bbox 750 2135 858 2205; x_wconf 80' lang='grc' dir='ltr'><strong><em>ἄρα</em></strong></span> 
     </span>
     <span class='ocr_line' id='line_1_27' title="bbox 182 2225 858 2292; baseline -0.004 -14"><span class='ocrx_word' id='word_1_160' title='bbox 182 2232 283 2278; x_wconf 87' lang='grc' dir='ltr'><strong><em>τοῦ</em></strong></span> <span class='ocrx_word' id='word_1_161' title='bbox 333 2226 433 2277; x_wconf 91' lang='grc' dir='ltr'><strong><em>ΓΔ</em></strong></span> <span class='ocrx_word' id='word_1_162' title='bbox 493 2225 677 2292; x_wconf 80' lang='grc' dir='ltr'><strong><em>μεῖζον</em></strong></span> <span class='ocrx_word' id='word_1_163' title='bbox 730 2226 858 2292; x_wconf 85' lang='grc' dir='ltr'><strong><em>φαί-</em></strong></span> 
     </span>
     <span class='ocr_line' id='line_1_28' title="bbox 183 2311 858 2385; baseline -0.004 -18"><span class='ocrx_word' id='word_1_164' title='bbox 183 2333 335 2367; x_wconf 89' lang='grc' dir='ltr'><strong><em>νεται</em></strong></span> <span class='ocrx_word' id='word_1_165' title='bbox 366 2320 441 2385; x_wconf 77' lang='grc' dir='ltr'><strong><em>τῷ</em></strong></span> <span class='ocrx_word' id='word_1_166' title='bbox 473 2317 527 2365; x_wconf 91' lang='grc' dir='ltr'><em>Α</em></span> <span class='ocrx_word' id='word_1_167' title='bbox 538 2316 583 2365; x_wconf 96' lang='grc' dir='ltr'><strong><em>Ζ</em></strong></span> <span class='ocrx_word' id='word_1_168' title='bbox 622 2311 858 2381; x_wconf 87' lang='grc' dir='ltr'><strong><em>μεγέθει.</em></strong></span> 
     </span>
     <span class='ocr_line' id='line_1_29' title="bbox 183 2399 1876 2473; baseline -0.003 -16"><span class='ocrx_word' id='word_1_169' title='bbox 183 2403 486 2473; x_wconf 85' lang='grc' dir='ltr'><strong><em>προσήχθω</em></strong></span> <span class='ocrx_word' id='word_1_170' title='bbox 549 2401 617 2470; x_wconf 84' lang='grc' dir='ltr'><strong><em>δὴ</em></strong></span> <span class='ocrx_word' id='word_1_171' title='bbox 679 2402 741 2454; x_wconf 90' lang='grc' dir='ltr'><strong><em>τὸ</em></strong></span> <span class='ocrx_word' id='word_1_172' title='bbox 796 2402 942 2470; x_wconf 88' lang='grc' dir='ltr'><strong><em>ὄμμα</em></strong></span> <span class='ocrx_word' id='word_1_173' title='bbox 997 2400 1269 2471; x_wconf 83' lang='grc' dir='ltr'><strong><em>ἐγγυτέρω</em></strong></span> <span class='ocrx_word' id='word_1_174' title='bbox 1331 2399 1423 2453; x_wconf 82' lang='grc' dir='ltr'><strong><em>καὶ</em></strong></span> <span class='ocrx_word' id='word_1_175' title='bbox 1478 2403 1613 2453; x_wconf 89' lang='grc' dir='ltr'><strong><em>ἔστω</em></strong></span> <span class='ocrx_word' id='word_1_176' title='bbox 1675 2401 1736 2453; x_wconf 91' lang='grc' dir='ltr'><strong><em>τὸ</em></strong></span> <span class='ocrx_word' id='word_1_177' title='bbox 1791 2403 1876 2467; x_wconf 89' lang='grc' dir='ltr'><strong><em>Η,</em></strong></span> 
     </span>
     <span class='ocr_line' id='line_1_30' title="bbox 185 2485 1877 2562; baseline -0.002 -17"><span class='ocrx_word' id='word_1_178' title='bbox 185 2490 283 2561; x_wconf 83' lang='grc' dir='ltr'><strong><em>ἀφ’</em></strong></span> <span class='ocrx_word' id='word_1_179' title='bbox 331 2488 399 2545; x_wconf 82' lang='grc' dir='ltr'><strong><em>οὗ</em></strong></span> <span class='ocrx_word' id='word_1_180' title='bbox 451 2488 832 2562; x_wconf 89' lang='grc' dir='ltr'><strong><em>προσπιπτέτω</em></strong></span> <span class='ocrx_word' id='word_1_181' title='bbox 888 2488 1040 2552; x_wconf 84' lang='grc' dir='ltr'><strong><em>ἀκτὶς</em></strong></span> <span class='ocrx_word' id='word_1_182' title='bbox 1086 2491 1179 2542; x_wconf 81' lang='grc' dir='ltr'><strong><em>διὰ</em></strong></span> <span class='ocrx_word' id='word_1_183' title='bbox 1224 2497 1324 2542; x_wconf 88' lang='grc' dir='ltr'><strong><em>τοῦ</em></strong></span> <span class='ocrx_word' id='word_1_184' title='bbox 1373 2492 1427 2542; x_wconf 94' lang='grc' dir='ltr'><em>Γ</em></span> <span class='ocrx_word' id='word_1_185' title='bbox 1471 2488 1503 2557; x_wconf 84' lang='grc' dir='ltr'><em>ἡ</em></span> <span class='ocrx_word' id='word_1_186' title='bbox 1551 2492 1682 2542; x_wconf 92' lang='grc' dir='ltr'><strong><em>ΗΘ.</em></strong></span> <span class='ocrx_word' id='word_1_187' title='bbox 1760 2485 1877 2542; x_wconf 80' lang='grc' dir='ltr'><strong><em>ἐπεὶ</em></strong></span> 
     </span>
     <span class='ocr_line' id='line_1_31' title="bbox 185 2577 1875 2654; baseline -0.002 -20"><span class='ocrx_word' id='word_1_188' title='bbox 185 2577 288 2634; x_wconf 80' lang='grc' dir='ltr'><strong><em>οὖν</em></strong></span> <span class='ocrx_word' id='word_1_189' title='bbox 348 2580 457 2634; x_wconf 85' lang='grc' dir='ltr'><strong><em>ὑπὸ</em></strong></span> <span class='ocrx_word' id='word_1_190' title='bbox 519 2587 615 2649; x_wconf 81' lang='grc' dir='ltr'><strong><em>τῆς</em></strong></span> <span class='ocrx_word' id='word_1_191' title='bbox 666 2582 732 2632; x_wconf 90' lang='grc' dir='ltr'>Η</span> <span class='ocrx_word' id='word_1_192' title='bbox 745 2582 792 2631; x_wconf 94' lang='grc' dir='ltr'>Θ</span> <span class='ocrx_word' id='word_1_193' title='bbox 853 2577 1071 2641; x_wconf 79' lang='grc' dir='ltr'><strong><em>ἀκτῖνος</em></strong></span> <span class='ocrx_word' id='word_1_194' title='bbox 1126 2578 1568 2648; x_wconf 79' lang='grc' dir='ltr'><strong><em>ἀπολαμβάνεται</em></strong></span> <span class='ocrx_word' id='word_1_195' title='bbox 1622 2579 1688 2630; x_wconf 80' lang='grc' dir='ltr'><strong><em>τὰ</em></strong></span> <span class='ocrx_word' id='word_1_196' title='bbox 1741 2581 1788 2630; x_wconf 96' lang='grc' dir='ltr'><strong><em>Β</em></strong></span> <span class='ocrx_word' id='word_1_197' title='bbox 1810 2581 1875 2654; x_wconf 88' lang='grc' dir='ltr'><strong><em>Θ,</em></strong></span> 
     </span>
     <span class='ocr_line' id='line_1_32' title="bbox 187 2664 1875 2738; baseline -0.002 -15"><span class='ocrx_word' id='word_1_198' title='bbox 187 2673 313 2738; x_wconf 88' lang='grc' dir='ltr'><strong><em>ΓΔ,</em></strong></span> <span class='ocrx_word' id='word_1_199' title='bbox 369 2670 476 2723; x_wconf 88' lang='grc' dir='ltr'><strong><em>ὑπὸ</em></strong></span> <span class='ocrx_word' id='word_1_200' title='bbox 525 2666 586 2722; x_wconf 77' lang='grc' dir='ltr'><strong><em>δὲ</em></strong></span> <span class='ocrx_word' id='word_1_201' title='bbox 631 2675 727 2737; x_wconf 81' lang='grc' dir='ltr'><strong><em>τῆς</em></strong></span> <span class='ocrx_word' id='word_1_202' title='bbox 772 2671 877 2721; x_wconf 93' lang='grc' dir='ltr'><strong><em>ΕΖ</em></strong></span> <span class='ocrx_word' id='word_1_203' title='bbox 924 2668 990 2719; x_wconf 77' lang='grc' dir='ltr'><strong><em>τὰ</em></strong></span> <span class='ocrx_word' id='word_1_204' title='bbox 1041 2671 1167 2736; x_wconf 90' lang='grc' dir='ltr'><strong><em>ΖΒ,</em></strong></span> <span class='ocrx_word' id='word_1_205' title='bbox 1209 2669 1334 2735; x_wconf 89' lang='grc' dir='ltr'><strong><em>ΓΔ,</em></strong></span> <span class='ocrx_word' id='word_1_206' title='bbox 1393 2669 1507 2720; x_wconf 86' lang='grc' dir='ltr'><strong><em>ἔστι</em></strong></span> <span class='ocrx_word' id='word_1_207' title='bbox 1554 2664 1615 2720; x_wconf 77' lang='grc' dir='ltr'><strong><em>δὲ</em></strong></span> <span class='ocrx_word' id='word_1_208' title='bbox 1661 2667 1722 2719; x_wconf 89' lang='grc' dir='ltr'><strong><em>τὸ</em></strong></span> <span class='ocrx_word' id='word_1_209' title='bbox 1765 2668 1875 2719; x_wconf 87' lang='grc' dir='ltr'><strong><em>ΖΑ</em></strong></span> 
     </span>
     <span class='ocr_line' id='line_1_33' title="bbox 185 2753 1877 2827; baseline -0.002 -16"><span class='ocrx_word' id='word_1_210' title='bbox 185 2766 285 2810; x_wconf 87' lang='grc' dir='ltr'><strong><em>τοῦ</em></strong></span> <span class='ocrx_word' id='word_1_211' title='bbox 340 2764 393 2811; x_wconf 90' lang='lat' dir='ltr'><em>A</em></span> <span class='ocrx_word' id='word_1_212' title='bbox 411 2762 457 2811; x_wconf 94' lang='grc' dir='ltr'>Θ</span> <span class='ocrx_word' id='word_1_213' title='bbox 514 2760 725 2827; x_wconf 80' lang='grc' dir='ltr'><strong><em>μεῖζον,</em></strong></span> <span class='ocrx_word' id='word_1_214' title='bbox 786 2758 1115 2827; x_wconf 90' lang='grc' dir='ltr'><strong><em>προσιόντος</em></strong></span> <span class='ocrx_word' id='word_1_215' title='bbox 1168 2753 1268 2826; x_wconf 74' lang='grc' dir='ltr'><strong><em>μὲν</em></strong></span> <span class='ocrx_word' id='word_1_216' title='bbox 1322 2757 1428 2826; x_wconf 79' lang='grc' dir='ltr'><strong><em>ἄρα</em></strong></span> <span class='ocrx_word' id='word_1_217' title='bbox 1482 2763 1581 2808; x_wconf 86' lang='grc' dir='ltr'><strong><em>τοῦ</em></strong></span> <span class='ocrx_word' id='word_1_218' title='bbox 1638 2757 1877 2825; x_wconf 81' lang='grc' dir='ltr'><strong><em>ὄμματος</em></strong></span> 
     </span>
    </p>
   </div>
   <div class='ocr_carea' id='block_1_8' title="bbox 951 1748 1878 2287">
    <p class='ocr_par' dir='ltr' id='par_1_9' title="bbox 951 1748 1878 2287">
     <span class='ocr_line' id='line_1_34' title="bbox 951 1748 1878 2287; baseline 0 897"><span class='ocrx_word' id='word_1_219' title='bbox 951 1748 1878 2287; x_wconf 95' lang='lat' dir='ltr'><strong><em> </em></strong></span> 
     </span>
    </p>
   </div>
   <div class='ocr_carea' id='block_1_9' title="bbox 183 2857 540 2862">
    <p class='ocr_par' dir='ltr' id='par_1_10' title="bbox 183 2857 540 2862">
     <span class='ocr_line' id='line_1_35' title="bbox 183 2857 540 2862; baseline 0 0"><span class='ocrx_word' id='word_1_220' title='bbox 183 2857 540 2862; x_wconf 95' lang='lat' dir='ltr'><strong><em> </em></strong></span> 
     </span>
    </p>
   </div>
   <div class='ocr_carea' id='block_1_10' title="bbox 183 2884 1872 3020">
    <p class='ocr_par' dir='ltr' id='par_1_11' title="bbox 183 2884 1872 3020">
     <span class='ocr_line' id='line_1_36' title="bbox 306 2884 1872 2960; baseline -0.001 -14"><span class='ocrx_word' id='word_1_221' title='bbox 306 2908 344 2947; x_wconf 93' lang='grc'><strong><em>1.</em></strong></span> <span class='ocrx_word' id='word_1_222' title='bbox 379 2901 556 2960; x_wconf 86' lang='grc' dir='ltr'><strong><em>μεγέθη</em></strong></span> <span class='ocrx_word' id='word_1_223' title='bbox 588 2919 629 2948; x_wconf 83' lang='lat' dir='ltr'><strong><em>v.</em></strong></span> <span class='ocrx_word' id='word_1_224' title='bbox 765 2907 805 2946; x_wconf 90' lang='lat'><strong><em>3.</em></strong></span> <span class='ocrx_word' id='word_1_225' title='bbox 839 2884 1010 2959; x_wconf 41' lang='grc' dir='ltr'><strong><em>ὄμματος</em></strong></span> <span class='ocrx_word' id='word_1_226' title='bbox 1040 2917 1083 2959; x_wconf 83' lang='lat' dir='ltr'><strong><em>V,</em></strong></span> <span class='ocrx_word' id='word_1_227' title='bbox 1116 2904 1170 2946; x_wconf 73' lang='lat' dir='ltr'><strong><em>ut</em></strong></span> <span class='ocrx_word' id='word_1_228' title='bbox 1202 2915 1354 2958; x_wconf 82' lang='lat' dir='ltr'>saepe.</span> <span class='ocrx_word' id='word_1_229' title='bbox 1492 2906 1532 2946; x_wconf 88' lang='lat'><strong><em>4.</em></strong></span> <span class='ocrx_word' id='word_1_230' title='bbox 1565 2902 1616 2946; x_wconf 88' lang='grc' dir='ltr'><strong><em>τὸ</em></strong></span> <span class='ocrx_word' id='word_1_231' title='bbox 1652 2905 1732 2946; x_wconf 88' lang='grc' dir='ltr'><strong><em>ΓΔ</em></strong></span> <span class='ocrx_word' id='word_1_232' title='bbox 1764 2898 1872 2960; x_wconf 83' lang='grc' dir='ltr'><strong><em>καί]</em></strong></span> 
     </span>
     <span class='ocr_line' id='line_1_37' title="bbox 183 2960 1753 3020; baseline -0.001 -13"><span class='ocrx_word' id='word_1_233' title='bbox 183 2979 278 3020; x_wconf 86' lang='lat' dir='ltr'><strong><em>mg.</em></strong></span> <span class='ocrx_word' id='word_1_234' title='bbox 311 2978 370 3007; x_wconf 89' lang='lat' dir='ltr'><strong><em>m.</em></strong></span> <span class='ocrx_word' id='word_1_235' title='bbox 405 2967 429 3006; x_wconf 81' lang='lat'>2</span> <span class='ocrx_word' id='word_1_236' title='bbox 471 2963 533 3020; x_wconf 85' lang='lat' dir='ltr'><strong><em>V,</em></strong></span> <span class='ocrx_word' id='word_1_237' title='bbox 583 2978 670 3007; x_wconf 88' lang='lat' dir='ltr'><strong><em>om.</em></strong></span> <span class='ocrx_word' id='word_1_238' title='bbox 702 2963 801 3019; x_wconf 86' lang='lat' dir='ltr'><strong><em>Bv,</em></strong></span> <span class='ocrx_word' id='word_1_239' title='bbox 849 2978 907 3007; x_wconf 92' lang='lat' dir='ltr'><strong><em>m.</em></strong></span> <span class='ocrx_word' id='word_1_240' title='bbox 944 2968 968 3005; x_wconf 81' lang='lat'>2</span> <span class='ocrx_word' id='word_1_241' title='bbox 1008 2962 1115 3006; x_wconf 77' lang='lat' dir='ltr'>Vat.</span> <span class='ocrx_word' id='word_1_242' title='bbox 1271 2961 1378 3019; x_wconf 92' lang='grc' dir='ltr'><strong><em>ΘΒ]</em></strong></span> <span class='ocrx_word' id='word_1_243' title='bbox 1419 2965 1454 3005; x_wconf 93' lang='grc' dir='ltr'><strong><em>Β</em></strong></span> <span class='ocrx_word' id='word_1_244' title='bbox 1492 2960 1542 3003; x_wconf 88' lang='lat' dir='ltr'><strong><em>in</em></strong></span> <span class='ocrx_word' id='word_1_245' title='bbox 1576 2975 1666 3005; x_wconf 83' lang='lat' dir='ltr'><strong>ras.</strong></span> <span class='ocrx_word' id='word_1_246' title='bbox 1699 2961 1753 3005; x_wconf 90' lang='lat' dir='ltr'><strong><em>V.</em></strong></span> 
     </span>
    </p>
   </div>
  </div>
 </body>
</html>
