1904 3184
209 72 320 126 340
868 71 1256 115 CATOPTRICA.

1021 248 1091 303 λ’.

315 370 404 425 Ἐκ
443 380 555 424 τῶν
586 372 791 423 κοίλων
823 368 1106 439 ἐνόπτρων
1136 369 1274 439 πρὸς
1304 369 1403 421 τὸν
1432 369 1592 436 ἥλιον
1623 366 1901 421 τεθέντων

207 468 319 532 πῦρ
361 459 657 524 ἐξάπτεται.

321 567 458 617 ἔστω
505 567 696 616 κοῖλον
743 565 1011 633 ἔνοπτρον
1058 563 1119 615 τὸ
1161 564 1350 629 ΑΒΓ,
1399 562 1556 630 ἥλιος
1601 558 1662 614 δὲ
1709 561 1738 615 ὁ
1779 565 1902 630 ΕΖ,

151 661 177 700 5
208 652 441 725 κέντρον
480 650 539 706 δὲ
571 659 671 705 τοῦ
703 653 1013 722 κατόπτρου
1044 652 1106 704 τὸ
1135 655 1199 720 Θ,
1238 649 1329 703 καὶ
1360 650 1467 703 ἀπό
1492 670 1643 713 τινος
1674 653 1902 720 σημείου

211 750 309 795 τοῦ
350 747 405 795 A
445 741 825 810 ἐπιζευχθεῖσα
863 737 964 810 μὲν
1004 738 1091 793 ἐπὶ
1130 741 1192 793 τὸ
1237 743 1284 792 Θ
1322 738 1552 810 κέντρον
1590 738 1623 807 ἡ
1662 743 1777 792 ΛΘ
1819 739 1904 793 ἐκ-

209 831 504 900 βεβλήσθω
554 829 642 884 ἐπὶ
681 831 742 883 τὸ
783 833 855 898 Β,
910 827 1376 900 προσπεπτωκέτω
1425 826 1484 881 δὲ
1524 829 1557 897 ἡ
1596 833 1651 881 A
1662 831 1715 881 Γ
1754 827 1904 893 ἀκτὶς

209 918 303 972 καὶ
343 919 739 973 ἀνακεκλάσθω
773 917 860 972 ἐπὶ
893 919 954 971 τὸ
983 921 1049 971 K.
1113 918 1590 987 ἀνακλασθήσεται
1623 919 1690 987 δὴ
1724 916 1904 971 ἐπάνω

210 1016 311 1062 τοῦ
363 1012 411 1061 Θ
455 1007 710 1078 κέντρου·
766 1007 799 1077 ἡ
846 1008 951 1077 γὰρ
999 1009 1174 1075 γωνία
1221 1007 1253 1076 ἡ
1300 1008 1437 1078 πρὸς
1482 1014 1547 1077 τῇ
1586 1009 1904 1078 περιφερείᾳ

124 1107 180 1147 10
211 1097 245 1166 ἡ
278 1102 336 1151 Π
377 1097 625 1151 ἐλάσσων
665 1095 779 1150 ἐστὶ
817 1105 914 1165 τῆς
950 1098 1089 1163 πρὸς
1127 1105 1191 1167 τῇ
1230 1098 1551 1168 περιφερείᾳ
1586 1099 1780 1164 λοιπῆς
1810 1102 1904 1164 τῆς

210 1187 320 1241 ὑπὸ
360 1190 407 1239 Β
422 1189 538 1240 ΓΔ.
631 1185 722 1239 καὶ
770 1189 906 1239 ἔστω
955 1185 987 1254 ἡ
1029 1191 1082 1238 Α
1095 1189 1142 1238 Β
1187 1184 1506 1256 περιφέρεια
1551 1190 1641 1253 ἴση
1680 1192 1744 1255 τῇ
1786 1185 1904 1254 ΒΓ,

211 1274 304 1329 καὶ
351 1275 459 1329 ἀπὸ
505 1284 605 1329 τοῦ
652 1281 707 1328 A
756 1277 893 1344 ἄλλη
941 1294 1023 1338 τις
1075 1273 1227 1337 ἀκτὶς
1272 1273 1653 1345 προσπιπτέτω
1700 1273 1734 1343 ἡ
1781 1278 1904 1327 ΔΑ.

213 1366 463 1436 φανερὸν
510 1362 636 1434 οὖν,
692 1365 775 1419 ὅτι
824 1363 1180 1434 ἀνακλωμένη
1227 1363 1260 1431 ἡ
1306 1369 1358 1417 A
1367 1369 1422 1417 A
1468 1362 1621 1427 ἀκτὶς
1664 1373 1904 1417 πεσεῖται

214 1452 302 1507 ἐπὶ
340 1455 402 1507 τὸ
442 1457 501 1507 K
542 1455 635 1507 διὰ
680 1455 741 1508 τὸ
794 1459 920 1523 ἴσην
959 1449 1101 1507 εἶναι
1148 1454 1249 1522 τὴν
1289 1456 1398 1505 ΑΒ
1444 1451 1800 1523 περιφέρειαν
1841 1458 1904 1523 τῇ

127 1553 182 1593 15
214 1546 333 1596 ΒΓ.
411 1543 614 1613 ὁμοίως
652 1540 713 1596 δὲ
752 1543 1119 1612 δειχθήσεται,
1159 1543 1242 1596 ὅτι
1282 1550 1450 1595 πᾶσαι
1491 1543 1552 1594 αἱ
1587 1541 1692 1595 ἀπὸ
1723 1548 1822 1594 τοῦ
1854 1545 1904 1594 A

214 1634 660 1702 προσπίπτουσαι
706 1633 845 1703 πρὸς
882 1633 943 1685 τὸ
984 1634 1254 1702 ἔνοπτρον
1299 1629 1390 1683 καὶ
1432 1637 1555 1694 ἴσας
1593 1630 1904 1700 ἀπολαμβά-

214 1735 415 1775 νουσαι
469 1723 548 1785 εἰς
594 1723 655 1775 τὸ
703 1721 838 1774 αὐτὸ
886 1727 1294 1790 συμπεσοῦνται
1351 1728 1415 1790 τῇ
1463 1723 1577 1773 ΒΘ
1630 1719 1904 1790 ἀνώτερον

214 1818 314 1864 τοῦ
358 1815 418 1864 Θ.

327 1917 465 1968 ἔστω
506 1913 674 1967 πάλιν
713 1918 902 1967 κοῖλον
941 1915 1211 1983 ἔνοπτρον
1249 1913 1310 1966 τὸ
1351 1915 1542 1981 ΑΒΓ,
1588 1914 1741 1981 ἥλιος
1780 1909 1839 1965 δὲ
1879 1910 1904 1966 ὅ

129 2013 186 2052 20
217 2007 405 2072 ΔΕΖ,
440 2000 531 2055 καὶ
565 2003 671 2056 ἀπό
702 2023 853 2065 τινος
884 2005 1112 2072 σημείου
1144 2009 1243 2055 τοῦ
1268 2005 1321 2054 Ε
1349 2002 1443 2054 διὰ
1473 2009 1573 2054 τοῦ
1602 2006 1649 2055 Θ
1679 2001 1904 2071 κέντρου

218 2095 355 2146 ἔστω
390 2091 421 2160 ἡ
448 2095 630 2160 ΕΘΒ,
668 2090 759 2144 καὶ
792 2090 884 2144 ἀπ’
913 2093 1098 2144 ἄλλων
1130 2090 1271 2160 [διὰ]
1303 2099 1416 2143 τῶν
1446 2095 1516 2159 Δ,
1551 2094 1596 2143 Ζ
1635 2092 1697 2143 αἱ
1724 2091 1904 2158 ΔΘΓ,

222 2185 395 2234 ΖΘΛ.
451 2181 658 2234 οὐκοῦν
681 2182 1128 2252 προδεδείχαμεν,
1162 2180 1245 2233 ὅτι
1278 2180 1340 2232 αἱ
1364 2178 1469 2232 ἀπὸ
1494 2186 1593 2232 τοῦ
1617 2183 1670 2232 Ε
1698 2178 1904 2241 ἀκτῖνες

220 2277 630 2339 συμπεσοῦνται
678 2272 755 2333 είς
798 2267 994 2332 ἑαυτὰς
1041 2269 1134 2322 διὰ
1181 2269 1278 2331 τὰς
1324 2272 1403 2337 Π,
1444 2272 1494 2320 Ρ
1540 2271 1744 2336 γωνίας
1791 2273 1904 2330 ἴσας

221 2360 411 2422 οὔσας·
452 2359 735 2430 διάμετροι
773 2359 877 2429 γάρ
918 2361 1084 2412 εἰσιν·
1125 2359 1187 2411 αἱ
1222 2355 1281 2410 δὲ
1322 2356 1427 2410 ἀπὸ
1466 2364 1565 2410 τοῦ
1600 2360 1644 2409 Ζ
1684 2357 1777 2410 διὰ
1815 2358 1904 2420 τὰς

266 2567 274 2571 “
344 2583 382 2624 1.
423 2578 490 2637 λ’]
531 2579 580 2636 μ’
615 2579 721 2634 Vv,
767 2579 839 2637 λβ’
873 2594 934 2623 m.
1089 2584 1130 2622 7.
1168 2574 1552 2633 προσπεπτωκέτο
1593 2591 1634 2621 v.
1787 2575 1904 2634 ΔΓ]

223 2642 374 2682 ΔΓΚ
406 2638 462 2682 V.
615 2643 654 2683 8.
696 2638 775 2697 δή]
816 2635 869 2682 δέ
899 2638 961 2682 Μ.
1115 2641 1183 2681 10.
1225 2635 1424 2680 ἐλάττων
1455 2636 1516 2680 Μ.
1663 2632 1785 2680 ἐστίν
1815 2635 1904 2680 Vv.

283 2704 364 2754 τῆς
388 2698 518 2756 (pr.)]
551 2705 606 2756 τῇ
637 2698 692 2743 V.
843 2704 925 2754 τῆς
955 2699 1118 2754 λοιπῆς
1148 2703 1230 2754 τῆς
1258 2696 1313 2741 V.
1467 2699 1535 2739 13.
1576 2695 1691 2754 AA]
1731 2699 1818 2739 AA
1849 2709 1904 2739 m.

282 2758 511 2816 πεσεῖται]
545 2765 874 2813 προσπεσεῖται
904 2757 965 2802 M.
1090 2760 1158 2800 15.
1192 2752 1380 2814 ὁμοίως]
1417 2756 1455 2803 IX!
1490 2754 1546 2798 V.
1675 2759 1742 2799 16.
1775 2753 1904 2812 πρός]

225 2817 412 2867 ἀκτῖνες
441 2816 558 2872 πρός
587 2832 647 2861 m.
779 2815 881 2868 ἴσας
911 2813 1210 2872 περιφερείας
1241 2812 1658 2872 ἀπολαμβάνουσαι
1689 2811 1904 2868 ἑκατέρω-

226 2879 317 2919 θεν
349 2882 431 2919 τοῦ
466 2879 501 2918 Β
532 2892 590 2920 m.
745 2880 814 2921 17.
854 2874 998 2934 αὐτό]
1041 2889 1129 2919 om.
1162 2874 1212 2918 M
1249 2873 1336 2918 lac.
1369 2872 1450 2917 rel.
1605 2877 1673 2917 19.
1706 2872 1790 2929 μα’
1816 2872 1904 2929 VV‚
