1904 3184
635 115 921 160 Encums
953 116 1183 159 OPTICA.
1686 115 1756 168 91

64 236 265 290 iacenti
302 236 489 305 plano,
529 235 718 290 oculus
756 253 887 288 uero
927 235 1001 288 sit
1034 253 1094 306 9,
1138 239 1193 289 et
1231 240 1418 290 centro
1459 236 1676 306 quidem
1714 237 1761 308 b,

65 325 244 396 spatio
275 343 407 378 uero
438 325 509 394 by
540 324 772 378 circulus
804 323 1142 377 describatur
1169 327 1261 394 yd.
1319 325 1456 396 dico,
1488 326 1761 397 quoniam,

65 414 115 468 si
158 417 549 483 transponatur
597 431 634 482 9
689 431 851 483 super
897 413 1086 466 circuli
1132 413 1464 484 periferiam,
1518 414 1758 483 aequalis

65 521 279 572 semper
330 503 403 556 ab
458 501 756 572 apparebit.
855 502 960 555 hoc
1021 506 1203 556 autem
1255 501 1607 556 manifestum
1660 507 1757 556 est.

67 610 253 645 omnes
307 591 452 645 enim
500 610 533 644 a
576 594 781 660 puncto
824 609 860 659 9
915 591 983 643 ad
1028 591 1100 644 ab
1155 591 1459 645 accidentes
1506 591 1644 644 radii
1691 592 1759 645 ad
1820 601 1847 640 5

61 681 314 750 aequales
354 680 584 751 angulos
624 680 892 750 accidunt,
931 680 1187 749 quoniam
1226 680 1320 749 qui
1359 680 1427 733 ad
1458 680 1487 733 b
1527 680 1758 751 angulus

45 773 244 823 ,rectus
283 775 381 823 est.
458 768 700 838 aequalis
739 786 870 840 ergo
909 787 996 822 res
1036 772 1324 838 conspecta
1362 768 1650 822 uidebitur.

38 930 69 1018 ᾇ,
173 961 255 1015 Re
295 966 587 1033 conspecta
623 966 897 1031 manente,
938 962 1096 1016 oculo
1135 981 1265 1015 uero
1306 962 1640 1032 transposito
1681 980 1760 1015 se-

60 1067 65 1074 ·
96 1052 299 1105 undum
322 1056 529 1105 rectam
550 1052 751 1105 lineam
777 1051 1056 1120 obliquam
1088 1051 1155 1103 ad
1180 1054 1526 1120 conspectam
1551 1049 1759 1119 quanti-

61 1142 234 1193 tatem
273 1141 595 1195 existentem
634 1141 961 1210 aliquotiens
1003 1139 1220 1210 quidem
1260 1139 1517 1210 aequaliS,
1555 1138 1760 1208 aliquo·
1792 1148 1848 1188 10

35 1201 205 1306 ¹{tiens
243 1248 374 1282 uero
413 1230 715 1300 inaequalis
753 1249 839 1283 res
880 1232 1172 1298 conspecta
1210 1228 1507 1298 apparebit.

32 1303 56 1370 {g
174 1322 308 1390 est0‚
346 1320 491 1389 quod
529 1319 747 1372 uidetur
780 1319 1012 1389 quidem,
1050 1318 1137 1387 ab,
1177 1317 1366 1371 oculus
1401 1320 1583 1370 autem
1616 1316 1688 1370 sit
1718 1335 1759 1387 e,

32 1376 212 1499 {recta
249 1426 379 1462 uero
420 1409 642 1478 obliqua
675 1410 768 1480 qd,
807 1412 861 1462 et
900 1407 1164 1461 adiciatur
1203 1407 1253 1459 ei
1293 1425 1429 1476 quae
1469 1410 1552 1460 est
1590 1405 1665 1459 ba
1700 1405 1783 1458 ins

1179 1495 1384 1548 directo
1423 1513 1499 1564 ay
1537 1499 1591 1548 et
1632 1513 1757 1548 con-

1176 1584 1435 1655 iungatur
1465 1587 1645 1638 rectae
1683 1584 1758 1652 dy
1791 1593 1846 1633 15

1176 1674 1244 1726 ad
1270 1691 1320 1743 9,
1357 1677 1412 1726 et
1442 1676 1759 1743 transpona-

1177 1765 1267 1814 tur
1322 1762 1523 1815 oculus.
1622 1761 1759 1832 dico,

1209 1850 1466 1921 quoniam
1525 1850 1735 1921 aliquo-

1176 1940 1318 1994 tiens
1333 1940 1549 2009 quidem
1567 1958 1759 2009 aequa-

1072 2038 1073 2043 ’
1176 2029 1262 2100 lis,
1286 2029 1610 2099 aliquotiens
1627 2047 1756 2082 uero
1789 2037 1847 2078 20

16 2175 21 2186 'A
1176 2117 1474 2187 inaequalis
1530 2120 1755 2187 apparet

2 2212 18 2282 'y
101 2205 146 2259 b.
197 2211 442 2261 sumatur
465 2208 610 2261 enim
634 2212 907 2262 rectarum
932 2208 1015 2278 by,
1026 2209 1107 2277 qd
1129 2207 1306 2261 media
1330 2205 1753 2276 proportionalis

0 2226 18 2348 Ι.
66 2312 146 2370 qe,
189 2300 244 2349 et
283 2297 356 2350 sit
395 2297 582 2350 oculus
622 2315 648 2351 e
694 2301 748 2351 et
787 2300 1320 2350 transmoueaturet
1361 2295 1432 2348 sit
1470 2295 1530 2347 in
1568 2295 1755 2347 eadem

117 2387 204 2437 cta
232 2386 280 2439 d.
342 2385 479 2456 dice,
517 2387 661 2457 quod
700 2386 800 2439 sub
840 2404 881 2457 e,
910 2388 948 2441 d
981 2386 1163 2439 uisum
1191 2384 1474 2455 inaequale
1509 2386 1747 2453 apparet.

178 2579 217 2620 6.
251 2575 352 2635 qui]
384 2563 431 2633 g¹
462 2577 524 2621 D.
621 2577 667 2635 b]
698 2590 788 2621 ras.
823 2580 848 2621 1
883 2577 968 2622 titt.
1002 2577 1064 2621 D.
1175 2579 1241 2620 13.
1277 2574 1467 2630 oblique
1500 2574 1563 2619 D.
1665 2573 1749 2633 ba]

33 2595 202 2694 &upra
229 2649 313 2681 scr.
346 2650 402 2680 m.
437 2640 463 2680 1
495 2636 559 2681 D.
902 2661 940 2703 0

118 2802 193 2870 δέ]
224 2808 277 2856 δὲ
302 2811 414 2857 ἔστω
437 2812 599 2858 Vat.v.
724 2817 794 2857 20.
833 2813 926 2871 ΓΑ]
952 2817 1035 2856 ΑΒ
1060 2828 1102 2869 v,
1136 2815 1228 2856 ΑΓ
1252 2812 1359 2856 vat.
1483 2814 1553 2855 21.
1590 2810 1751 2928 aiam}

78 2920 82 2921 ⁷
109 2869 353 2974 1³79}an
385 2873 510 2932 αὐτῷ
542 2887 585 2918 v.
678 2877 748 2918 23.
782 2872 896 2916 Post
926 2869 1015 2929 γάρ
1047 2886 1136 2918 ras.
1163 2877 1188 2916 2
1214 2870 1291 2915 uel
1316 2876 1342 2915 3
1367 2869 1458 2915 litt.
1485 2869 1539 2915 V.
1634 2871 1726 2914 ΒΓ
