1904 3184
181 72 288 126 130
559 73 822 116 scnomA
851 73 916 116 m
947 73 1231 116 Encmms
1263 73 1496 126 0PT1cA.

175 201 277 248 τοῦ
308 192 541 265 κέντρου
573 193 900 247 ἀπόστασιν·
942 193 1294 261 δειχθήσεται
1325 192 1358 261 ἡ
1395 195 1498 245 ΘΒ
1539 199 1603 262 τῇ
1635 194 1740 244 ΒΑ
1779 196 1872 260 ἴση

176 282 269 337 καὶ
308 283 341 351 ἡ
382 285 499 336 ΚΓ
530 290 594 353 τῇ
636 285 750 335 ΓΔ.

288 388 375 440 21.
445 389 656 451 Μεῖζον
709 405 759 455 Ρ.
808 387 900 455 14,
950 385 1050 455 15]
1117 385 1190 448 ὡς
1243 383 1513 455 περιέχον.
1602 382 1875 437 ’Έλαττον

178 495 229 546 p.
267 478 350 546 14,
388 475 479 545 16]
519 475 594 538 ὡς
631 477 1036 545 περιεχόμενον.

116 589 143 629 5
289 581 376 632 22.
427 577 539 632 Καὶ
572 579 647 642 ὡς
677 578 711 647 ἡ
743 582 853 632 ΑΒ
885 583 998 632 κτλ.
1030 598 1081 649 p.
1117 580 1200 646 14,
1235 577 1330 647 25]
1373 578 1636 645 ἰσογώνια
1668 577 1773 645 γὰρ
1807 579 1876 629 τὰ

175 672 371 736 ΕΑΒ,
411 671 580 721 ΕΖΔ
627 670 893 738 τρίγωνα,
949 667 1032 722 ὅτι
1078 667 1112 736 ἡ
1151 667 1259 720 ὑπὸ
1299 670 1467 719 ΕΔΖ
1516 671 1605 734 ἴση
1654 664 1768 719 ἐστὶ
1807 674 1875 736 τῇ

176 757 285 811 ὑπὸ
318 760 502 810 ΕΒΑ·
543 755 855 826 ἐμπέπτωκε
893 758 998 828 γὰρ
1038 756 1232 810 εὐθεῖα
1272 756 1304 825 ἡ
1336 759 1443 808 ΕΒ
1483 757 1562 818 εἰς
1596 756 1876 825 παραλλή-

177 850 310 909 λους
356 846 454 908 τὰς
495 848 617 914 ΓΔ,
657 849 790 899 ΑΒ·
845 843 938 899 καὶ
983 845 1151 899 πάλιν
1198 845 1231 914 ἡ
1278 844 1386 898 ὑπὸ
1434 847 1605 897 ΕΖΔ
1652 851 1717 916 τῇ
1762 842 1874 896 ὑπὸ

176 934 396 1006 Ε[Α]Β
439 934 637 1005 [ἐστιν]
681 940 770 1004 ἴση
820 936 913 988 διὰ
960 936 1062 1004 τὴν
1101 934 1276 1003 αὐτὴν
1315 935 1523 1001 αἰτίαν,
1564 933 1597 1002 ἡ
1637 930 1698 985 δὲ
1737 933 1878 1003 πρὸς

92 1035 147 1076 10
179 1032 254 1097 τῷ
294 1028 348 1077 Ε
390 1026 548 1094 κοινὴ
597 1023 688 1078 καὶ
728 1022 1076 1094 ἀμφοτέροις.
1154 1032 1266 1076 τῶν
1310 1019 1371 1075 δὲ
1412 1024 1723 1090 ἰσογωνίων
1760 1041 1875 1091 τρια

180 1114 380 1182 γώνων
419 1115 481 1166 αἰ
514 1112 640 1184 περὶ
679 1114 775 1177 τὰς
808 1118 930 1176 ἴσας
969 1114 1174 1181 γωνίας
1205 1109 1438 1182 πλευραὶ
1471 1110 1748 1179 ἀνάλογον
1780 1110 1876 1163 διὰ

179 1204 240 1256 τὸ
282 1201 337 1255 δ’
371 1210 470 1256 τοῦ
511 1201 563 1259 ς’
604 1212 716 1257 τῶν
756 1205 1075 1271 Στοιχείων.
1139 1201 1214 1264 ὡς
1245 1201 1278 1270 ἡ
1309 1204 1420 1254 AB
1461 1197 1564 1255 οὖν
1594 1200 1732 1270 πρὸς
1770 1200 1874 1268 τὴν

180 1295 312 1361 ΒΕ,
358 1291 392 1360 ἡ
442 1295 551 1345 ΖΔ
595 1293 735 1363 πρὸς
782 1292 883 1361 τὴν
930 1295 1069 1345 ΔΕ·
1120 1289 1212 1343 καὶ
1260 1288 1515 1358 ἐναλλάξ,
1570 1289 1644 1353 ὡς
1689 1287 1723 1357 ἡ
1764 1291 1876 1341 ΑΒ

179 1382 318 1453 πρὸς
358 1383 459 1451 τὴν
492 1385 618 1450 ΖΔ,
658 1380 692 1450 ἡ
726 1384 835 1434 ΒΕ
868 1381 1008 1451 πρὸς
1046 1382 1149 1450 τὴν
1179 1384 1319 1434 ΔΕ·
1359 1380 1491 1449 ὅπερ
1533 1379 1644 1432 ἔδει
1684 1375 1876 1441 δεῖξαι.

92 1498 148 1539 15
292 1486 377 1539 23.
443 1488 565 1538 Τῶν
605 1487 730 1554 ΑΓ,
763 1489 874 1538 ΑΔ
911 1505 961 1555 p.
998 1485 1083 1555 18,
1119 1483 1211 1553 10]
1252 1484 1511 1552 δηλονότι
1552 1481 1805 1535 ἀκτίνων.

294 1590 380 1643 24.
442 1591 621 1643 Κοῖλα
661 1590 965 1659 φανήσεται
1011 1608 1063 1658 Ρ.
1107 1589 1199 1657 18,
1235 1586 1328 1657 14]
1376 1593 1475 1639 τοῦ
1519 1584 1876 1657 πορρωτέρου

185 1680 359 1751 ἄκρου
397 1677 800 1749 μετεωροτέρου
842 1675 1202 1747 φαινομένου.

293 1783 381 1837 25.
431 1780 524 1845 Ὡς
562 1785 804 1853 πόρισμα
843 1789 1007 1835 τοῦτο
1047 1779 1269 1849 ἐπάγειν
1309 1780 1474 1834 δοκεῖ.

296 1888 383 1941 26.
447 1889 846 1957 Ταπεινότερον
878 1887 1134 1955 φαίνεται
1174 1904 1226 1954 p.
1251 1885 1338 1955 20,
1374 1884 1430 1954 1]
1468 1882 1560 1937 καὶ
1599 1883 1704 1953 γὰρ
1743 1883 1878 1952 πρό-

94 1990 153 2031 2ο
185 1995 397 2047 χειρον,
451 1976 536 2030 ὅτι
590 1976 655 2028 τὰ
711 1975 818 2028 ὑπὸ
873 1972 1277 2043 ταπεινοτέρων
1330 1973 1570 2027 ἀκτίνων
1625 1972 1879 2043 ὁρώμενα

184 2066 542 2136 ταπεινότερα
581 2067 852 2134 φαίνεται.

297 2170 385 2223 27.
439 2171 674 2234 Μείζονι
711 2187 762 2238 Ρ.
797 2168 883 2238 24,
918 2166 1011 2237 13]
1052 2170 1259 2237 μείζονι
1297 2163 1628 2237 ὑπερφέρον.

298 2275 385 2327 28.
423 2271 547 2327 Ἴσα
587 2271 844 2340 ἀλλήλοις
882 2273 1139 2341 φαίνεται
1177 2289 1229 2340 Ρ.
1263 2271 1355 2339 24,
1390 2267 1484 2338 20]
1530 2268 1622 2321 διὰ
1661 2267 1882 2336 πλάνην

184 2363 287 2432 τὴν
326 2371 422 2432 τῆς
461 2361 654 2426 ὄψεως.

95 2480 153 2520 25
299 2469 385 2521 29.
440 2465 624 2537 Μέχρι
665 2473 764 2519 τοῦ
803 2470 857 2518 Δ
905 2464 1146 2535 ὄμματος
1183 2483 1234 2534 Ρ.
1276 2463 1362 2531 28,
1404 2459 1461 2531 2]
1503 2461 1578 2525 ὡς
1623 2460 1880 2514 κάτωθεν

189 2564 285 2625 τῆς
323 2556 558 2618 ἀκτῖνος.

308 2692 377 2731 21.
411 2684 479 2732 Vb
513 2701 653 2744 supra
686 2700 770 2730 scr.
910 2690 979 2730 22.
1011 2683 1092 2729 Vb.
1231 2688 1302 2727 23.
1334 2682 1550 2727 V²Vat.¹.
1690 2686 1760 2725 24.
1793 2679 1876 2725 Vb.

246 2752 317 2792 25.
349 2746 426 2791 Vn·
550 2751 620 2791 26.
652 2744 733 2791 Vb.
857 2750 926 2789 27.
959 2742 1040 2789 Vb·
1155 2748 1225 2788 28.
1257 2742 1338 2787 Vb.
1462 2746 1531 2786 29.
1563 2740 1643 2785 Vb.

309 2884 377 2924 13.
411 2886 453 2924 Δ
465 2880 532 2938 Ε]
563 2883 600 2923 Α
612 2882 664 2923 Ε.
791 2884 857 2924 15.
891 2875 1094 2923 ἀκτίνων
1128 2875 1344 2934 δηλονότι
1373 2875 1517 2921 Vat.¹.
