1904 3184
105 1030 159 1069 10

103 1474 156 1513 15

101 1918 157 1957 20

188 69 295 123 268
886 73 1147 115 scfioLIA

300 193 388 244 42.
435 192 549 244 Διὰ
589 193 650 245 τὸ
690 191 1044 263 παράλληλον
1074 211 1126 261 p.
1162 193 1284 263 182,
1315 191 1372 261 6]
1412 192 1761 263 παράλληλος
1785 194 1878 246 διὰ

189 287 289 332 τοῦ
328 278 419 348 κη’
450 288 550 333 τοῦ
591 279 645 332 α’
678 290 790 333 τῶν
829 283 1147 350 Στοιχείων.

301 398 386 452 43.
436 397 604 469 ’Ἁπερ
647 397 700 462 ἐξ
741 398 981 467 ἀνάγκης
1020 407 1258 468 φυσικῆς
1304 397 1391 452 ε’πὶ
1431 409 1542 452 τῶν
1582 399 1881 469 ὁρωμένων

192 489 427 554 γίνεται,
474 493 644 538 ταῦτα
690 485 782 539 καὶ
828 485 903 539 δι’
947 485 1280 550 ἀποδείξεων
1325 489 1709 541 πιστώσασθαι
1747 491 1878 557 βου-

193 577 422 643 λόμενος
453 574 482 628 ὁ
508 573 815 645 γεωμέτρης
838 583 950 628 τῶν
973 575 1350 645 θεωρημάτων
1381 579 1740 646 παραμυθιάς
1771 577 1877 631 ἀπὸ

191 672 303 716 τῶν
335 673 602 733 γραμμῶν
639 666 843 733 κομίζει
881 664 1120 726 κύκλους
1150 663 1491 734 ἀναγράφων
1527 664 1586 718 ἐν
1617 676 1736 729 ταῖς
1771 666 1878 720 ἀπὸ

190 761 302 805 τῶν
335 751 595 822 ὀμμάτων
635 751 1111 822 ἀποπεμπομέναις
1150 752 1365 806 άκτϊσιν
1403 752 1494 806 καὶ
1527 752 1753 808 ἐπίπεδα
1785 757 1878 808 διὰ

189 851 301 894 τῶν
348 839 532 905 ὄψεων
579 840 860 910 ἐκβάλλων
905 840 997 894 καὶ
1044 840 1200 911 ἕτερα
1245 849 1472 895 τοιαῦτα
1520 853 1722 913 ποιῶν,
1777 846 1877 915 οὐχ

190 929 299 997 ὅτι,
353 936 525 982 ταῦτα
570 926 670 999 μὲν
717 929 813 989 ἐὰν
852 929 1098 998 γένηται,
1153 933 1303 983 ἔσται
1352 931 1565 1001 ἀληθὴς
1611 933 1644 1002 ἡ
1690 934 1877 988 τοιάδε

191 1018 363 1071 αὐτοῦ
403 1021 682 1089 πρότασις,
721 1017 812 1071 καὶ
851 1016 982 1071 καθ’
1018 1017 1083 1071 ὃν
1123 1019 1288 1082 αὐτός
1323 1034 1459 1090 φησι
1498 1023 1706 1092 τρόπον
1736 1029 1878 1077 θεω-

191 1107 424 1177 ρήσουσι
463 1108 524 1160 τὸ
558 1108 775 1161 τοιόνδε
807 1115 985 1177 σχῆμα
1017 1109 1078 1161 αἱ
1105 1107 1276 1177 ὄψεις,
1317 1108 1413 1162 ἐὰν
1445 1107 1504 1163 δὲ
1534 1112 1606 1180 μὴ
1640 1109 1878 1181 γένηται,

189 1197 418 1265 ψευδής·
458 1192 491 1264 ἦ
532 1197 637 1266 γὰρ
677 1198 763 1265 ἄν,
804 1198 855 1249 εἰ
890 1205 1053 1250 τοῦτο
1094 1197 1269 1260 οὕτως
1308 1194 1468 1267 εἶχεν,
1509 1198 1568 1252 ἐν
1606 1208 1671 1270 τῇ
1710 1206 1878 1254 πιθα-

190 1287 378 1353 νότητι
433 1294 546 1338 τῶν
591 1284 925 1350 ἀποδείξεων
976 1288 1147 1339 ἔκειτο
1204 1285 1273 1339 ἂν
1327 1287 1359 1356 ἡ
1407 1289 1619 1341 τούτων
1666 1289 1879 1360 εὕρεσις

189 1376 381 1443 μόνον,
422 1372 542 1427 ἀλλ’
580 1374 682 1427 οὐκ
722 1373 781 1427 έν
821 1383 885 1446 τῇ
925 1376 1091 1445 φύσει
1130 1385 1241 1428 τῶν
1272 1375 1585 1446 ὁρωμένων,
1623 1375 1715 1430 καὶ
1746 1398 1877 1449 γρα-

191 1462 452 1533 φομένων
498 1461 599 1533 μὲν
643 1473 756 1517 τῶν
806 1465 1026 1517 κύκλων
1071 1463 1104 1532 ἢ
1150 1473 1263 1517 τῶν
1302 1463 1575 1518 ἐπιπέδων
1622 1456 1904 1535 ἐκβαλλοᾩ

188 1551 372 1622 μένων
412 1550 618 1623 ἑωρᾶτο
651 1552 721 1606 ἂν
751 1554 812 1606 τὸ
846 1553 1146 1624 ὁρώμενον,
1187 1553 1260 1615 ὡς
1292 1553 1320 1606 ὁ
1352 1554 1658 1623 Εὐκλείδης
1689 1559 1879 1625 φησίν,

188 1643 261 1711 μὴ
302 1640 611 1711 γινομένων
651 1638 712 1694 δὲ
750 1643 966 1695 τούτων
1012 1642 1114 1695 οὐκ
1161 1641 1231 1694 ἂν
1271 1641 1561 1713 έθεωρεϊτο
1605 1651 1879 1713 τοιοῦτον,

190 1730 264 1792 ὡς
302 1725 444 1783 εἶναι
491 1734 702 1800 μᾶλλον
748 1731 883 1784 αὐτὸ
931 1731 1024 1784 διὰ
1070 1732 1172 1800 τὴν
1210 1730 1492 1795 ἀπόδειξιν
1538 1733 1713 1796 οὕτως
1752 1736 1879 1803 ἕχον

189 1817 222 1887 ἢ
263 1819 355 1871 διὰ
394 1819 496 1887 τὴν
535 1820 721 1888 φύσιν.
799 1820 860 1872 τὸ
910 1817 970 1872 δὲ
1018 1819 1119 1889 οὐχ
1159 1820 1335 1883 οὕτως
1381 1823 1513 1890 ἔχει,
1562 1821 1698 1875 ἀλλὰ
1745 1822 1876 1893 ὅπερ

191 1906 244 1971 ἐξ
269 1906 510 1976 ἀνάγκης
541 1916 779 1977 φυσικῆς
811 1911 1102 1977 συμβαίνει
1126 1909 1357 1979 πάσχειν
1383 1920 1502 1973 ταῖς
1525 1908 1685 1974 ὄψεσι
1708 1925 1877 1981 προσ-
1898 1894 1902 1903 ’

188 1996 524 2065 βαλλούσαις
569 2004 644 2069 τῷ
692 1998 889 2069 τοιῷδε
935 1999 1167 2067 σχήματι
1220 1992 1341 2052 οἷον
1394 1999 1800 2070 κυλινδροειδεῖ
1841 1999 1904 2071 ἢ

188 2086 476 2138 κωνοειδεῑ
527 2084 560 2153 ἢ
615 2087 963 2155 σφαιροειδεῖ
1020 2085 1107 2140 ἐπὶ
1168 2086 1337 2141 πλέον
1391 2087 1788 2157 ἀφισταμέναις
1842 2088 1877 2158 ἢ

189 2174 678 2245 προσεγγιζούσαις
738 2175 912 2247 αὐτῷ,
981 2183 1145 2229 τοῦτο
1215 2177 1283 2245 δὴ
1345 2179 1682 2246 βουλόμενος
1743 2176 1901 2230 ἀπο-’

190 2264 466 2317 δεικνύειν
498 2261 527 2315 ὁ
562 2263 867 2336 γεωμέτρης
896 2271 1307 2335 παραμυθεῖται
1338 2267 1440 2335 τὴν
1473 2264 1754 2330 ἀπόδειξιν
1781 2267 1874 2319 διὰ

215 2515 238 2557 t
268 2459 378 2557 2412.
411 2451 564 2498 FVat.
665 2458 735 2498 43.
767 2453 833 2498 V2
864 2454 925 2498 ad
948 2469 1078 2512 prop.
1098 2459 1168 2511 24,
1200 2470 1231 2512 p
1255 2454 1305 2498 in
1329 2457 1462 2499 textu
1485 2454 1608 2499 inter
1629 2470 1790 2513 propp.
1818 2460 1874 2500 23

189 2527 213 2557 e
329 2549 338 2557 .

308 2695 347 2734 1.
386 2688 705 2748 παράλληλος]
740 2704 828 2734 om.
861 2690 910 2734 F.
1060 2695 1100 2734 2.
1141 2690 1219 2748 κη’
1255 2717 1310 2723 -
1352 2688 1625 2750 Στοιχείων]
1665 2692 1746 2736 κα’
1779 2699 1871 2736 τῶν

189 2747 446 2794 Εὐκλείδου
478 2749 527 2793 F.
636 2755 676 2793 4.
710 2747 931 2806 γίνωνται
961 2765 1005 2806 p.
1098 2749 1399 2809 βουλόμενος]
1433 2750 1648 2808 βούλεται
1677 2766 1721 2807 p.
1829 2755 1870 2795 5.

186 2817 278 2854 τῶν
310 2807 648 2867 θεωρημάτων]
682 2823 822 2865 supra
854 2823 938 2854 scr.
972 2809 1027 2853 V.
1130 2815 1168 2854 6.
1201 2807 1400 2865 κομίζων
1431 2825 1474 2866 p.
1571 2814 1608 2854 7.
1643 2810 1794 2855 ἀκτῖσι
1823 2825 1868 2867 p.

249 2873 317 2914 13.
349 2868 545 2927 τούτων]
576 2876 668 2913 τῶν
698 2868 921 2913 τοιούτων
951 2884 996 2924 p.
1119 2874 1188 2912 20.
1222 2869 1591 2927 προσβαλούσαις
1620 2884 1663 2925 p.
