1904 3184
23 189 29 218 ἰ

294 111 359 152 IN
392 111 743 152 OPTICORUM
772 111 1199 154 REGENSIONEM
1229 113 1506 156 THEONIS.
1636 111 1743 165 277

31 303 37 310 .
171 230 255 282 72.
293 227 417 282 ''En
454 231 663 283 κείσθω
703 237 770 300 τῇ
809 229 916 283 ὑπὸ
955 240 1068 284 τῶν
1106 234 1280 284 ΕΖΚ
1311 251 1363 301 p.
1403 233 1535 303 210,
1577 233 1670 303 14]
1711 234 1746 303 ἡ

54 318 164 388 γὰρ
203 318 312 372 ὑπὸ
351 327 464 371 τῶν
501 321 677 371 ΕΖΚ
718 317 943 388 ἐδείχθη
984 318 1223 374 ἐλάττων
1267 329 1462 374 πασῶν
1500 329 1613 374 τῶν
1653 322 1746 375 διὰ

24 416 34 454 ἃ
54 414 157 460 τοῦ
191 411 236 459 Ζ
275 406 622 477 διαγομένων
658 405 752 460 καὶ
788 417 1072 461 ποιουσῶν
1109 410 1248 479 πρὸς
1278 418 1343 480 τῇ
1375 413 1486 463 AB
1524 413 1745 478 γωνίας.

167 513 250 565 73.
306 515 531 577 Μείζων
569 509 631 565 δὲ
669 510 703 580 ἡ
746 515 793 565 Ο
837 531 889 581 p.
923 513 1046 583 212,
1080 512 1135 582 1]
1183 514 1459 585 τριγώνου
1499 514 1604 587 γὰρ
1643 523 1744 568 τοῦ

24 603 235 674 ῥΛΡΠ
276 599 430 664 ἐκτός
468 600 607 670 ἐστι,
653 599 746 654 καὶ
784 601 818 669 ἡ
863 601 1002 671 πρὸς
1039 609 1114 674 τῷ
1158 606 1206 655 0
1251 604 1356 673 ἄρα
1395 606 1593 673 μείζων
1633 603 1747 658 ἐστὶ

32 697 152 758 ’,τῆς
196 691 334 760 πρὸς
379 697 454 763 τῷ
494 694 567 743 Π.
643 693 740 743 καί
776 689 890 743 ε’στι
937 689 969 758 ἡ
1009 687 1110 760 μὲν
1153 692 1293 762 πρὸς
1331 700 1405 765 τῷ
1449 697 1496 746 0
1543 698 1634 763 ἴση
1681 701 1746 764 τῇ

29 773 162 850 ’,ὑπὸ
201 782 395 847 ΗΕΘ,
433 779 467 848 ἡ
506 777 567 832 δὲ
604 780 744 849 πρὸς
782 787 857 851 τῷ
898 783 962 832 Π
996 784 1086 848 ἴση
1125 789 1190 850 τῇ
1228 780 1337 834 ὑπὸ
1376 786 1560 835 ΑΕΒ.

7 2206 11 2229 ἦ
65 2130 255 2203 ὀρθάς.

31 914 52 1011 s?-
590 942 679 996 Ad
715 961 868 1013 prop.
907 942 1212 997 XXXVIII.

173 1049 255 1100 74.
333 1050 446 1099 Τοῦ
501 1048 742 1116 ὄμματος
799 1045 887 1100 ε’πὶ
943 1055 1043 1100 τοῦ
1096 1046 1328 1119 κέντρου
1386 1056 1484 1102 τοῦ
1539 1049 1746 1102 κύκλου

44 1135 330 1207 ’κειμένου

44 1222 46 1228 ,
172 1242 255 1293 75.
302 1238 531 1309 Ὁμοίως
563 1239 640 1310 δέ,
671 1239 777 1294 κᾶν
810 1240 915 1293 ἀπὸ
948 1248 1047 1294 τοῦ
1074 1243 1127 1294 Γ
1149 1240 1380 1313 κέντρου
1411 1243 1549 1313 πρὸς
1572 1241 1749 1313 ὀρθὰς

39 1329 347 1400 ιἀνασταθῇ
386 1330 605 1399 εὐθεῖα,
660 1328 748 1383 ἐπὶ
795 1327 856 1382 δὲ
903 1331 1105 1398 ταύτης
1149 1331 1210 1384 τὸ
1251 1332 1397 1401 ὄμμα
1441 1337 1603 1402 τεθῇ,
1656 1330 1749 1385 καὶ

54 1427 410 1490 μετακινῆται
442 1420 503 1472 τὸ
536 1419 820 1490 ὁρώμενον
850 1418 1086 1489 μέγεθος
1115 1420 1252 1472 κατὰ
1282 1427 1379 1489 τῆς
1409 1427 1509 1473 τοῦ
1539 1421 1747 1474 κύκλου

40 1511 407 1579 ’περιφερείας
435 1509 791 1579 παράλληλον
831 1508 898 1561 ὃν
932 1515 997 1578 τῇ
1030 1509 1238 1581 εὐθείᾳ,
1279 1507 1367 1579 ἐφ’
1395 1505 1460 1578 ἧς
1490 1510 1552 1563 τὸ
1585 1511 1747 1579 ὄμμα,

8 1583 11 1608 ⁹
42 1601 184 1651 ἴσον
222 1596 306 1650 ἀεὶ
344 1598 406 1651 τὸ
446 1597 730 1669 ὁρώμενον
770 1597 1095 1667 ὀφθήσεται.

698 1761 783 1814 Ad
820 1780 971 1831 prop
1009 1761 1120 1814 XL.

174 1866 256 1919 76.
312 1864 497 1934 Λέγω,
545 1866 629 1919 ὅτι
675 1864 709 1933 ἡ
749 1869 859 1918 AB
907 1870 1022 1922 κτλ.
1066 1885 1116 1935 p.
1156 1866 1289 1936 220,
1328 1864 1392 1934 2]
1441 1863 1746 1919 τουτέστιν·

53 1952 196 2008 ὅταν
240 1953 274 2022 ἡ
322 1958 434 2007 ΔΖ
489 1955 590 2023 τὴν
637 1953 801 2008 θέσιν
855 1953 915 2007 ε’ν
969 1962 1044 2028 τῷ
1091 1955 1273 2027 κύκλω
1321 1955 1527 2022 ταύτην
1574 1958 1748 2025 σχοίη,

23 2039 303 2098 (ἐλάττων
350 2043 661 2112 ὀφθησεται
708 2044 869 2114 ἤπερ,
921 2038 1127 2116 ὅτεέην
1166 2042 1446 2097 ἀναστᾶσα
1491 2045 1563 2113 μὴ
1609 2045 1748 2115 πρὸς

56 2327 58 2330 ·
181 2312 248 2352 72.
281 2308 439 2352 VVat.
566 2313 634 2353 73.
675 2323 705 2351 x
734 2323 795 2353 m
822 2312 869 2364 2,
918 2306 955 2351 O
987 2322 1046 2351 m.
1075 2313 1097 2350 1
1139 2306 1189 2351 in
1227 2309 1359 2352 textu
1398 2307 1520 2352 inter
1559 2307 1658 2352 ἐπι-
1699 2310 1747 2352 et

60 2365 363 2425 -ζευγνυμένη
395 2382 440 2425 p.
470 2373 571 2424 212,
599 2373 625 2411 5
658 2366 765 2424 (del.
792 2382 850 2411 m.
879 2374 903 2410 2
940 2369 987 2411 et
1017 2366 1067 2410 in
1091 2382 1171 2424 mg
1174 2366 1346 2424 e.oll..>
1464 2371 1530 2411 74.
1565 2367 1744 2422 RVat.;

58 2424 410 2544 ffiqplt316,4
441 2429 537 2472 not.
572 2426 672 2471 crit.
796 2430 862 2471 75.
897 2382 1210 2484 Rur(M¹th).
1329 2430 1396 2471 76.
1430 2426 1740 2483 V<Rvat.M¹

178 2667 219 2708 3.
258 2662 571 2723 διαγομένων]
613 2677 725 2707 corr.
760 2676 817 2707 ex
858 2659 1120 2720 ὁιαγωνίων
1159 2663 1212 2707 V.
1366 2667 1404 2707 5.
1446 2662 1474 2719 ἡ
1507 2661 1649 2721 πρός]
1692 2662 1743 2720 O,

64 2717 165 2771 het
191 2736 234 2795 ¹.
384 2728 423 2769 6
467 2723 579 2782 ἐστι]
614 2721 695 2767 ὁέ7
728 2737 769 2766 x
925 2726 962 2794 ⁷,
1006 2723 1176 2780 ΗΕΘ]
1215 2729 1307 2766 τῶν
1341 2723 1494 2766 ΕΘΗ
1522 2736 1563 2765 x.
1703 2728 1741 2767 9.

9 2797 11 2816 ¹
62 2782 169 2841 M
166 2778 359 2838 κέντρου
382 2790 464 2828 τοῦ
490 2783 683 2841 κύκλου]
715 2788 797 2826 τοῦ
818 2787 866 2835 Ε)
893 2778 1087 2837 κέντρου
1111 2781 1164 2825 R
1262 2785 1329 2825 11.
1368 2781 1434 2839 Γ]
1461 2780 1513 2835 R,
1553 2794 1640 2825 om.
1667 2796 1741 2827 ru.

123 2844 191 2886 12.
221 2842 367 2917 τεθῇ]
389 2845 621 2901 μετατεθῇ
655 2857 696 2886 u.
807 2846 875 2884 13.
909 2847 1222 2896 μετακινεῖται
1253 2840 1344 2884 Ru.
1449 2841 1550 2898 τοῦ]
1585 2854 1672 2886 om.
1699 2855 1742 2886 u.

123 2902 191 2944 19.
223 2900 495 2958 ὠφθήσεται
525 2901 580 2958 V,
614 2901 696 2945 sed
729 2914 841 2944 corr.

1782 1163 1837 1203 10

1782 1623 1837 1663 15

1779 2157 1836 2197 20
