1904 3184
67 1172 124 1211 10

69 1630 124 1670 15

70 2119 128 2159 20

69 2563 127 2604 25

160 150 186 200 1
196 149 266 200 14
727 148 1012 191 EUCLIDIS
1045 149 1273 193 OPTICA.

157 271 219 323 αἱ
244 273 372 339 ΑΖ,
399 273 508 322 ΖΔ
542 279 652 323 τῶν
686 273 806 338 ΖΒ,
834 273 941 322 ΖΕ
976 267 1245 322 ἐλάσσονα
1277 271 1487 336 γωνίαν
1516 268 1850 340 περιέχουσι,
1902 263 1904 266 ’

156 361 340 429 μεῖζον
387 359 493 429 ἄρα
538 360 600 412 τὸ
642 362 752 411 ΒΕ
794 366 894 411 τοῦ
934 363 1050 411 ΑΔ
1096 356 1364 427 βλέπεται.
1451 357 1548 411 ἐὰν
1597 360 1703 429 ἄρα
1749 360 1851 428 τὴν

159 452 266 501 ΖΕ
303 447 496 501 ἀκτῖνα
527 447 987 517 προσεκβάλωμεν
1020 445 1101 500 ἐπ’
1900 442 1904 459 ⁴

156 537 396 604 εὐθείας,
436 537 520 589 ὅτι
561 535 648 589 ἐπὶ
687 545 799 589 τῶν
835 538 1100 606 ἰσοταχῶς

156 624 480 696 φερομένων
529 626 590 678 τὸ
637 622 737 695 μὲν
775 629 822 678 Β
871 623 958 679 ἐπὶ
1004 633 1100 695 τῆς
1179 669 1243 719 D
1902 676 1904 678 ,

158 719 266 768 ΖΕ
301 714 521 776 ἀκτῖνος
552 714 628 784 εὴ·
658 711 917 768 κωλυθὲν
942 715 1098 769 ὑστε-
1896 718 1904 776 1,.

156 814 243 875 ρεῖ
293 806 400 875 ἄρα
451 812 563 857 τῶν
618 805 883 874 ἰσοταχῶς
925 825 1099 882 ,φερο-
1896 795 1904 866 Ξ

154 892 338 962 μένων
376 893 443 946 τὰ
477 895 666 964 πόρρω
708 894 862 947 δοκεῖ
892 895 1101 964 βραδύ·
1895 880 1904 936 ⁴

154 1002 317 1054 τερον
355 980 641 1053 φέρεσθαι.
1520 978 1571 1023 Ζ

1323 507 1389 559 Α
1635 510 1692 561 Δ

867 1160 1125 1227 ’Ἄλλως

272 1261 539 1334 Φερέσθω
595 1265 697 1317 δύο
753 1275 947 1334 σημεῖα
1001 1267 1067 1318 τὰ
1118 1272 1196 1335 Α,
1236 1269 1282 1319 Β
1338 1263 1427 1319 ἐπὶ
1482 1255 1888 1336 παραλλήλων’

156 1353 395 1407 εὐθειῶν
433 1362 545 1407 τῶν
583 1358 708 1422 ΑΔ,
740 1357 850 1406 ΒΕ
901 1354 1138 1423 ὁμαλῶς·
1194 1356 1291 1418 τὰς
1340 1359 1460 1418 ἴσας
1499 1355 1604 1425 ἄρα
1648 1353 1708 1407 ἐν
1748 1359 1848 1427 ἴσῳ

155 1444 340 1514 χρόνῳ
391 1442 782 1496 διελεύσονται.
862 1444 1106 1496 ἔστωσαν
1153 1439 1257 1498 οὖν
1305 1448 1420 1497 ἴσαι
1466 1444 1526 1496 αἱ
1562 1448 1686 1511 ΑΔ,
1727 1446 1849 1512 ΒΕ,
1900 1431 1904 1444 ’

155 1529 247 1584 καὶ
292 1530 786 1602 προσπιπτέτωσαν
835 1530 1051 1595 ἀκτῖνες
1104 1531 1210 1586 ἀπὸ
1258 1539 1356 1585 τοῦ
1407 1536 1451 1584 Ζ
1507 1533 1746 1602 ὄμματος
1791 1531 1855 1584 αἱ
1886 1502 1904 1596 ξ

159 1624 292 1689 ΖΑ,
334 1623 453 1689 ΖΛ,
495 1623 621 1688 ΖΒ,
664 1624 782 1673 ΖΕ.
862 1619 975 1674 ἐπεὶ
1023 1618 1126 1675 οὖν
1173 1620 1413 1676 ἐλάττων
1459 1620 1492 1689 ἡ
1531 1620 1640 1675 ὑπὸ
1682 1624 1850 1674 ΑΖΔ
1891 1598 1904 1663 ῑι

157 1717 253 1778 τῆς
289 1709 399 1763 ὑπὸ
440 1713 607 1762 ΒΖΕ
641 1712 871 1779 γωνίας,
920 1713 1146 1764 ἔλαττον
1185 1712 1291 1782 ἄρα
1328 1712 1390 1764 τὸ
1430 1715 1539 1763 ΑΔ
1579 1710 1850 1779 διάστημα
1884 1700 1904 1804 Ξ

158 1805 257 1851 τοῦ
313 1802 423 1851 ΒΕ
474 1800 791 1868 φανήσεται.
895 1801 1032 1853 ὥστε
1086 1799 1230 1865 δόξει
1284 1801 1345 1853 τὸ
1401 1805 1454 1852 Α
1507 1800 1851 1870 βραδύτερον
1882 1798 1902 1875 ’ξ

158 1885 444 1957 φέρεσθαι.
1884 1879 1894 1915 ³

956 2007 1054 2060 νε’.

281 2113 391 2163 Τοῦ
439 2112 679 2180 ὄμματος
723 2109 1010 2180 μένοντος,
1058 2121 1169 2165 τῶν
1216 2109 1277 2165 δὲ
1315 2113 1498 2175 ὄψεων
1534 2128 1849 2181 παραφερο-
1880 2094 1892 2134 ³

158 2197 366 2268 μένων,
405 2199 471 2253 τὰ
509 2202 699 2271 πόρρω
739 2209 851 2254 τῶν
891 2199 1188 2271 ὁρωμένων
1225 2203 1652 2254 καταλείπεσθαι
1686 2198 1847 2263 δόξει.
1884 2222 1885 2225 “

271 2290 408 2342 ἔστω
448 2288 699 2360 ὁρώμενα
738 2290 804 2341 τὰ
836 2294 906 2358 Α,
936 2292 990 2342 Γ
1022 2288 1109 2343 ἐπὶ
1140 2290 1379 2344 εὐθειῶν
1410 2291 1544 2343 ὄντα
1574 2297 1687 2341 τῶν
1718 2279 1771 2341 Α
1781 2291 1848 2357 Β,
1879 2302 1883 2311 ’

55 2392 75 2413 ⁸
161 2380 287 2447 ΓΔ,
341 2379 488 2447 ὄμμα
541 2375 603 2431 δὲ
657 2380 792 2431 ἔστω
848 2379 909 2432 τὸ
958 2383 1031 2447 Ε,
1087 2378 1186 2448 ἀφ’
1237 2375 1304 2433 οὗ
1357 2376 1848 2450 προσπιπτέτωσαν
1899 2361 1904 2443 J

159 2465 373 2529 ἀκτῖνες
403 2467 466 2519 αἰ
484 2469 605 2536 ΕΓ,
629 2471 759 2535 ΕΔ,
783 2471 910 2536 ΕΑ,
935 2472 1056 2520 ΕΒ.
1120 2467 1276 2537 λέγω,
1316 2468 1401 2522 ὅτι
1432 2468 1493 2520 τὸ
1525 2467 1663 2538 πρὸς
1693 2473 1768 2538 τςό
1792 2470 1846 2518 Α
1895 2454 1904 2551 ⁴¹

158 2557 586 2610 καταλείπεσθαι
632 2555 792 2620 δόξει.
883 2558 1381 2626 προσεκβεβλήσθω
1428 2555 1462 2624 ἡ
1506 2559 1636 2623 ΕΔ,
1690 2555 1867 2631 ἄχρις
1894 2600 1896 2611 1

281 2780 320 2819 1.
358 2776 458 2835 ZB]
492 2779 577 2820 BZ
606 2791 666 2821 m.
805 2781 845 2821 2.
886 2777 994 2835 ΑΔ]
1028 2790 1140 2821 corr.
1174 2790 1231 2820 ex
1263 2780 1350 2820 ΒΔ
1380 2775 1487 2820 Vat.
1610 2772 1859 2833 βλέπεται]ι

159 2832 365 2879 λείπεται
395 2835 528 2880 codd.
652 2840 692 2880 6.
724 2835 838 2880 Post
870 2851 891 2879 ε
922 2836 1093 2880 lacuna
1129 2835 1177 2895 ¹sa
1212 2835 1292 2879 lin.
1324 2835 1555 2890 VVat.A;
1600 2850 1621 2878 ε
1654 2847 1741 2878 om.
1775 2831 1864 2876 la--·

161 2907 280 2938 cuna
311 2893 478 2938 relicta
507 2894 750 2939 Vatstvm.
875 2901 913 2940 7.
947 2894 1059 2954 ἄρα]
1091 2894 1150 2939 τὰ
1177 2894 1332 2951 πόρρω
1365 2894 1458 2951 ἄρα
1487 2909 1548 2938 m.
1671 2897 1740 2936 11.
1774 2890 1839 2945 ἐξ
1884 2937 1887 2947 Δ

161 2952 268 2996 add.
300 2953 356 3010 V,
399 2953 465 3006 ξε’
491 2969 550 2999 m.
585 2959 610 2997 2
643 2954 751 2998 Vat.
895 2953 954 2998 τὰ
984 2959 1042 3011 A,
1068 2955 1123 3013 Β]
1157 2969 1243 2999 om.
1277 2969 1337 2998 m.
1491 2958 1560 2997 12.
1593 2957 1694 3010 ΑΔ,
1727 2949 1841 3008 ΒΕ]
