1904 3184
204 156 275 211 66
730 181 736 185 -
778 158 862 200 EU
869 158 1068 200 CLIDIS
1099 159 1328 201 OPTICA.

320 280 458 331 ἔστω
499 279 700 340 κύκλος
739 277 767 331 ὁ
792 280 1031 346 ΑΒΓΔ,
1070 275 1162 330 καὶ
1193 278 1459 346 ἤχθωσαν
1490 278 1592 331 δύο
1618 277 1899 348 διάμετροι

204 369 266 421 αἱ
294 370 420 436 ΑΓ,
449 370 555 420 ΒΔ
593 365 890 437 τέμνουσαι
930 366 1167 435 ἀλλήλας
1203 367 1343 437 πρὸς
1380 365 1558 437 ὀρθὰς
1587 368 1724 420 κατὰ
1755 368 1816 420 τὸ
1849 371 1902 420 Ε

204 467 455 526 σημεῖον,
506 455 598 510 καὶ
637 455 670 524 ἡ
711 455 817 509 ἀπὸ
850 463 950 508 τοῦ
982 460 1036 508 Ε
1072 458 1299 526 σημείου
1340 454 1669 525 ἀναγομένη,
1709 455 1798 526 ἐφ’
1834 452 1898 525 ἧς

205 546 266 599 τὸ
322 548 467 616 ὄμμα
520 555 717 614 κεῖται,
771 544 804 613 ἡ
863 548 969 598 ΖΕ

145 643 173 683 5
204 636 334 705 μήτε
396 635 534 704 πρὸς
590 634 767 705 ὀρθὰς
828 637 964 688 ἔστω

205 731 280 796 τςό
323 722 559 795 ἐπιπέδῳ
599 724 732 792 μήτε
774 727 863 792 ἴση
899 731 965 794 τῇ

206 812 265 866 ἐκ
295 819 394 866 τοῦ
418 811 651 882 κέντρου
684 813 816 881 μήτε
845 816 968 874 ἴσας

206 904 411 970 γωνίας
456 899 784 972 περιέχουσα
833 901 967 970 μετὰ

207 999 319 1044 τῶν
380 993 522 1059 ΑΓ,
574 994 630 1043 A
642 993 703 1043 Β.
807 988 965 1059 λέγω,

119 1087 175 1127 10
209 1081 292 1134 ὅτι
321 1081 505 1133 ἄνισοι
534 1078 884 1148 ὀφθήσονται
909 1079 971 1131 αἱ
1057 1073 1061 1080 ’

206 1173 259 1222 Α
270 1171 330 1237 Γ,
361 1171 471 1221 ΔΒ
504 1167 799 1239 διάμετροι.
848 1167 965 1220 έπε-

208 1259 527 1328 ζεύχθωσαν
580 1257 684 1327 γὰρ
741 1257 802 1309 αἱ
846 1259 964 1325 ΖΓ,

210 1351 342 1416 ΖΑ,
378 1350 504 1415 ΖΔ,
538 1349 655 1398 ΖΒ.
739 1346 860 1413 ἤτοι
901 1341 1005 1399 οὖν
1043 1346 1239 1414 μείζων
1279 1342 1428 1397 ἐστὶν
1466 1344 1500 1413 ἡ
1539 1348 1644 1397 ΕΖ
1690 1351 1785 1413 τῆς
1840 1344 1897 1398 ἐκ

206 1443 306 1489 τοῦ
352 1434 584 1506 κέντρου
630 1433 664 1503 ἢ
712 1433 973 1487 ἐλάσσων.
1066 1433 1159 1487 διὰ
1205 1439 1377 1486 ταῦτα
1423 1433 1491 1502 δὴ
1538 1434 1659 1501 ἤτοι
1701 1436 1899 1503 μείζων

120 1532 175 1572 15
209 1523 358 1579 ἐστὶν
410 1524 444 1593 ἡ
497 1524 606 1578 ὑπὸ
652 1528 788 1592 ΔΖ,
830 1526 932 1577 ΖΒ
990 1530 1085 1592 τῆς
1136 1523 1244 1576 ὑπὸ
1294 1525 1418 1591 ΓΖ,
1461 1526 1569 1575 ZA
1614 1522 1647 1591 ἢ
1702 1523 1735 1591 ἡ
1788 1523 1897 1576 ὑπὸ

207 1623 320 1668 τῶν
367 1616 498 1682 ΓΖ,
541 1617 649 1666 ΖΑ
702 1598 798 1681 τῆς
842 1612 952 1665 ὑπὸ
991 1615 1126 1679 ΔΖ,
1165 1615 1291 1680 ΖΒ,
1347 1612 1421 1675 ὡς
1467 1609 1587 1680 ἑξῆς
1634 1610 1898 1681 δείξομεν.

210 1705 394 1757 ἄνισοι
433 1704 540 1773 ἄρα
579 1703 641 1755 αἱ
676 1701 959 1772 διάμετροι
999 1700 1363 1770 ὀφθήσονται.

931 1867 1174 1933 Λῆμμα.

307 1967 486 2022 ’Ἑστω
518 1969 735 2037 κύκλος,
774 1964 841 2022 οὗ
872 1966 1102 2038 κέντρον
1133 1970 1268 2021 ἔστω
1301 1970 1362 2022 τὸ
1387 1973 1441 2022 A
1472 1978 1714 2038 σημεῖον,
1753 1970 1899 2038 ὄμμα

124 2065 181 2106 20
214 2055 274 2111 δὲ
313 2058 374 2111 τὸ
413 2060 486 2126 Β,
526 2055 624 2126 ἀφ’
661 2053 728 2110 οὗ
769 2055 856 2110 ἐπὶ
895 2058 993 2110 τὸν
1030 2058 1235 2110 κύκλον
1272 2057 1508 2121 κάθετος
1545 2056 1782 2127 ἀγομένη
1823 2057 1896 2127 μὴ

209 2145 445 2200 πιπτέτω
487 2144 574 2199 ε’πὶ
612 2147 674 2199 τὸ
712 2144 942 2217 κέντρον
981 2147 1042 2199 τὸ
1083 2151 1153 2214 Α,
1193 2145 1312 2200 ἀλλ’
1349 2146 1517 2215 ἐκτός,
1557 2145 1648 2200 καὶ
1687 2149 1823 2200 ἔστω
1863 2143 1898 2215 ἡ

210 2238 339 2305 ΒΓ,
393 2233 484 2287 καὶ
532 2234 836 2303 ἐπεζεύχθω
877 2234 983 2288 ἀπὸ
1022 2242 1121 2287 τοῦ
1162 2240 1215 2288 Α
1262 2234 1348 2288 ἐπὶ
1386 2236 1447 2288 τὸ
1491 2237 1544 2287 Γ
1580 2234 1612 2302 ἡ
1653 2239 1706 2287 Α
1719 2237 1772 2288 Γ
1808 2231 1900 2288 καὶ

212 2323 317 2377 ἀπὸ
358 2331 458 2377 τοῦ
497 2328 550 2376 A
598 2321 684 2376 ἐπὶ
723 2324 783 2377 τὸ
823 2327 870 2375 Β
917 2323 950 2392 ἡ
991 2327 1114 2376 ΑΒ.
1200 2323 1363 2393 λέγω,
1419 2324 1502 2377 ὅτι
1547 2332 1740 2377 πασῶν
1787 2333 1900 2377 τῶν

213 2422 435 2481 γωνιῶν
472 2420 585 2465 τῶν
623 2410 1026 2483 περιεχομένων
1063 2412 1172 2466 ὑπὸ
1211 2422 1322 2466 τῶν
1362 2413 1455 2465 διὰ
1486 2420 1585 2466 τοῦ
1618 2418 1671 2465 A
1710 2413 1898 2480 διαγο-

124 2510 181 2549 25
216 2500 399 2571 μένων
452 2501 690 2555 εὐθειῶν
740 2499 832 2554 καὶ
884 2511 1166 2555 ποιουσῶν
1218 2503 1357 2573 πρὸς
1409 2509 1474 2572 τῇ
1530 2507 1584 2554 Α
1596 2505 1643 2554 Β
1706 2501 1900 2573 εὐθείᾳ

212 2593 423 2659 γωνίαν
473 2590 725 2659 ἐλαχίστη
773 2588 922 2643 ἐστὶν
975 2589 1008 2658 ἡ
1055 2591 1163 2644 ὑπὸ
1215 2599 1326 2643 τῶν
1374 2593 1496 2659 ΓΑ,
1536 2594 1589 2642 A
1600 2594 1661 2643 Β.
1738 2591 1896 2659 ἤχθω

333 2787 373 2825 2.
407 2779 652 2837 τέμνουσιν
683 2779 805 2836 Van,
847 2779 929 2823 sed
961 2793 1073 2824 corr.
1227 2784 1265 2825 3.
1304 2777 1591 2838 ἀναγομένη]
1623 2779 1751 2836 prius
1784 2796 1814 2823 α
1845 2778 1895 2822 in

211 2853 300 2884 ras.
334 2839 389 2884 V.
533 2846 573 2884 4.
612 2843 697 2884 ΖΕ
757 2842 846 2884 ΕΖ
875 2839 1035 2883 Vat.v.
1175 2844 1243 2884 11.
1275 2841 1383 2898 ΔΒ]
1418 2843 1498 2883 ΒΔ
1530 2839 1689 2884 Vat.v.
1825 2842 1892 2883 13.

217 2902 309 2954 ΖΔ,
338 2899 439 2957 ΖΒ]
477 2902 571 2955 ΖΒ,
600 2903 678 2943 ΖΔ
752 2901 867 2943 at.v.
961 2900 1115 2955 μεῖζον
1139 2914 1181 2943 v.
1275 2903 1342 2943 14.
1373 2896 1570 2943 ἐλάττων
1594 2913 1636 2944 v.
1728 2894 1894 2956 ταῦτα]

212 2956 271 3001 τὰ
302 2957 424 3002 αὐτά
454 2958 564 3004 Vm.
674 2963 741 3003 15.
775 2962 878 3014 AZ,
908 2959 1008 3017 ΖΒ]
1041 2962 1177 3002 ΔΖΒ
1208 2957 1410 3015 Vat.¹m‚
1445 2971 1479 3005 e.
1502 2971 1614 3002 corr.
1647 2957 1701 3002 V.
1795 2958 1895 3012 ΓΖ,

1900 3120 1904 3184 A
