1904 3184
433 75 695 119 SCHOLIA
724 75 790 117 IN
819 74 1105 116 Encmms
1138 73 1369 117 οΡΤΙοΑ.
1642 69 1746 122 137

22 239 24 246 ,
56 203 172 255 ἔστι
211 196 296 267 δέ,
336 197 411 260 ὡς
450 194 747 263 δέδεικται,
786 193 819 263 ἡ
863 197 971 246 ΖΑ
1009 194 1206 262 μείζων
1241 199 1337 261 τῆς
1376 194 1514 260 ΚΑ,
1562 191 1750 260 δῆλον,

22 289 142 344 *fin
180 287 214 356 ἡ
253 290 359 340 ΒΖ
407 285 656 338 ἐλάσσων
704 281 819 336 ἐστὶ
865 290 961 351 τῆς
1000 285 1135 334 ΒΚ·
1192 282 1303 354 ὅσῳ
1351 280 1456 351 γὰρ
1499 278 1751 350 ὑπερέχει

57 377 92 446 ἡ
134 380 242 430 ΖΛ
287 383 383 444 τῆς
420 377 560 443 ΛΚ,
607 379 875 426 τοσοῦτον
915 371 1235 425 ἐλαττοῦται
1280 369 1314 439 ἡ
1354 373 1460 423 ΒΖ
1506 376 1603 438 τῆς
1641 372 1757 421 ΒΚ

22 467 25 487 ’
57 467 151 520 διὰ
189 467 277 534 τό,
324 465 398 527 ὡς
436 468 670 533 εἴρηται,
719 467 843 515 ἴσον
891 456 1034 514 εἶναι
1079 461 1141 514 τὸ
1182 459 1288 513 ἀπὸ
1327 467 1440 513 τῶν
1477 462 1608 527 ΒΖ,
1643 462 1751 510 ΖΑ

57 563 133 629 τῷ
172 554 277 608 ἀπὸ
318 563 429 607 τῶν
470 555 604 622 ΒΚ,
636 554 766 604 KA.
1811 560 1837 599 5

22 710 23 713 ,
170 660 255 714 61.
309 660 534 722 Μείζων
582 653 643 709 δὲ
688 655 856 709 πάλιν
902 674 952 724 p.
995 654 1080 723 70,
1119 653 1179 723 4]
1229 653 1428 723 [ἔσται]
1476 655 1672 722 μείζων
1717 650 1751 719 ἡ

21 759 24 788 ,
57 749 166 804 ὑπὸ
207 750 378 801 ΒΑΚ
410 754 506 815 τῆς
543 745 651 799 ὑπὸ
687 748 865 813 ΒΑΖ,
906 744 1048 796 διότι
1088 744 1190 812 τὴν
1228 742 1337 796 ὑπὸ
1371 745 1542 795 ΒΑΚ
1575 740 1607 809 ἡ
1641 743 1757 794 ΒΚ

22 845 25 886 ἱ
59 838 335 894 ὑποτείνει
374 838 572 907 μείζων
611 831 776 903 οὖσα,
816 834 889 897 ὡς
929 831 1226 901 δέδεικται,
1264 839 1361 901 τῆς
1401 835 1520 884 ΒΖ.

22 934 23 939 “
173 943 259 996 62.
297 939 500 1010 ’Ήχθω
541 936 644 994 οὗν
680 958 731 1008 p.
767 940 853 1008 72,
896 939 986 1005 11]
1029 935 1143 990 ἐπεὶ
1179 935 1211 1005 ἡ
1251 940 1358 989 ΕΖ
1406 934 1568 1004 ἐτέθη
1615 935 1754 1005 πρὸς

22 1052 25 1107 ς
61 1029 162 1104 μὲν
198 1032 301 1101 τὴν
342 1033 444 1084 ΓΔ
480 1030 619 1100 πρὸς
658 1027 859 1099 ὀρθάς,
905 1028 1044 1098 πρὸς
1083 1023 1145 1079 δὲ
1182 1027 1285 1095 τὴν
1323 1028 1432 1078 ΑΒ
1480 1025 1755 1093 τυχούσας
1787 1036 1842 1076 10

22 1125 25 1163 i
62 1123 268 1192 γωνίας
305 1127 568 1188 ποιοῦσα,
612 1119 714 1172 οὐκ
755 1120 869 1171 ἔστι
906 1117 1046 1188 πρὸς
1085 1115 1262 1187 ὀρθὰς
1299 1123 1374 1187 τῳ
1414 1111 1753 1185 ὑποκειμένῳ

55 1209 314 1282 ἐπιπέδῳ.

22 1318 23 1328 ³
174 1315 259 1368 63.
314 1311 393 1366 ‘H
432 1315 567 1365 AM
602 1331 654 1381 p.
699 1312 791 1380 72,
834 1309 935 1379 14]
991 1308 1024 1377 ἡ
1066 1311 1200 1362 ΛΜ
1240 1313 1329 1376 ἴση
1377 1306 1478 1377 μέν
1527 1306 1641 1360 ἐστι
1687 1312 1753 1376 τῇ

22 1433 25 1478 4
65 1402 335 1476 διαμέτρῳ
368 1409 469 1455 τοῦ
500 1402 727 1470 κύκλου,
766 1401 833 1454 οὐ
865 1401 975 1469 μὴν
1007 1397 1099 1452 καὶ
1132 1398 1438 1469 διάμετρος,
1472 1394 1591 1450 ἀλλ’
1619 1395 1754 1449 ὑπο-

62 1496 318 1548 τείνουσα
356 1494 540 1562 μεῑζον
579 1498 761 1560 τμῆμα
800 1489 1130 1559 ἡμικυκλίου
1178 1488 1272 1540 διὰ
1310 1487 1371 1540 τὸ
1410 1486 1754 1554 ὑποτεθῆναι
1789 1495 1842 1535 15

22 1620 23 1628 κ
63 1583 165 1652 τὴν
194 1585 300 1635 ΕΖ
342 1586 468 1650 ἴσην
506 1580 879 1633 ὑποτεθεϊσαν
918 1585 983 1648 τῇ
1018 1577 1137 1638 ΞΝ
1167 1579 1387 1646 μείζονα
1423 1585 1534 1629 τῶν
1567 1574 1625 1628 ἐκ
1657 1581 1756 1628 τοῦ

22 1680 34 1695 ”
65 1670 310 1742 κέντρου.

180 1777 265 1830 64.
319 1774 397 1828 ‘H
434 1775 552 1836 NE
593 1777 790 1844 μείζων
835 1793 885 1842 p.
921 1774 1013 1841 72,
1051 1771 1141 1841 19]
1189 1770 1223 1839 ἡ
1270 1771 1374 1841 γὰρ
1414 1773 1520 1822 ΕΖ
1563 1771 1760 1839 μείζων

66 1870 161 1934 τῆς
198 1863 256 1918 ἐκ
293 1872 394 1918 τοῦ
432 1863 689 1935 κέντρου,
736 1862 769 1932 ἡ
811 1859 872 1915 δὲ
912 1861 1029 1922 ΝΞ
1062 1868 1127 1931 τῇ
1169 1860 1322 1930 [ΕΖ]
1365 1865 1470 1928 ἴση.
1550 1858 1606 1928 [ἡ
1646 1856 1762 1918 ΝΞ

68 1952 196 2024 ἄρα]
234 1955 430 2023 μείζων
470 1950 774 2024 [ἑκατέρας]
815 1959 927 2004 τῶν
967 1953 1109 2019 ΛΝ,
1143 1953 1288 2003 ΜΝ.
1791 1956 1847 1996 2ο

177 2058 262 2111 65.
309 2055 384 2111 ‘H
419 2059 527 2129 ἄρα
572 2057 711 2127 πρὸς
749 2063 824 2128 τςό
867 2054 917 2116 Ξ
958 2057 1134 2123 γωνία
1172 2074 1221 2124 p.
1266 2054 1351 2123 74,
1395 2051 1449 2122 1]
1499 2049 1614 2104 ἐπεὶ
1654 2051 1757 2120 γὰρ

71 2143 246 2216 ἡΕΖ
293 2152 383 2216 ἴση
431 2145 545 2200 ἐστὶ
583 2154 649 2217 τῇ
691 2145 825 2213 ΞΝ,
879 2144 912 2213 ἡ
963 2141 1023 2197 δὲ
1063 2146 1196 2197 ΛΜ
1238 2147 1327 2211 ἴση
1375 2149 1440 2212 τῇ
1487 2139 1758 2212 διαμέτρῳ

73 2242 169 2289 τοῦ
213 2236 419 2290 κύκλου
473 2233 566 2288 καὶ
613 2232 868 2303 τέτμηται
916 2234 1043 2302 δίχα
1087 2231 1225 2285 κατὰ
1269 2231 1332 2293 τὸ
1379 2233 1460 2299 Ν,
1516 2235 1605 2298 ἴση
1653 2230 1759 2300 ἄρα

72 2321 162 2378 καὶ
206 2323 239 2393 ἡ
281 2327 380 2378 ΓΖ
434 2332 499 2395 τῇ
541 2327 666 2377 ΛΝ
711 2321 804 2376 καὶ
850 2321 883 2391 ἡ
927 2326 1036 2374 ΖΔ
1089 2329 1154 2392 τῇ
1197 2323 1342 2374 ΝΜ
1436 2319 1538 2372 δύο
1587 2319 1655 2387 δὴ
1703 2319 1765 2371 αἰ

74 2413 190 2482 ΓΖ,
216 2417 321 2467 ΖΕ
357 2419 471 2467 ἴσαι
503 2411 609 2467 εἰσὶ
641 2420 705 2482 τῇ
740 2415 873 2480 ΛΝ,
898 2411 1024 2471 ΝΞ.
1075 2408 1166 2463 καὶ
1197 2411 1371 2478 γωνία
1396 2407 1429 2476 ἡ
1453 2407 1561 2460 ὑπὸ
1589 2406 1765 2466 ΛΝΞ
1793 2415 1848 2455 25

2 2496 18 2557 U
74 2505 245 2575 γωνίᾳ
286 2511 350 2574 τῇ
388 2503 498 2557 ὑπὸ
540 2505 704 2556 ΓΖΕ
750 2506 862 2569 ἴση·
917 2501 1056 2571 πρὸς
1102 2500 1279 2570 ὀρθὰς
1325 2498 1431 2567 γὰρ
1478 2496 1761 2549 ὑπόκειται

1 2666 20 2757 'J
191 2669 259 2710 61.
291 2664 371 2709 Vb.
495 2668 564 2709 62.
598 2663 676 2708 V².
800 2666 869 2707 63.
902 2661 980 2706 V2.
1105 2665 1173 2704 64.
1208 2659 1285 2704 Vb.
1411 2662 1480 2703 65.
1514 2657 1589 2701 V².

15 2805 18 2905 ἰ
194 2830 232 2872 7.
271 2827 356 2884 τήν
410 2842 523 2874 corr.
559 2841 615 2871 ex
646 2826 688 2884 ἡ,
845 2828 912 2868 14.
956 2824 1078 2867 Ante
1112 2824 1166 2867 οὐ
1201 2821 1290 2866 del.
1324 2819 1441 2865 ἀλλὰ
1473 2818 1565 2865 καί.
1689 2823 1759 2863 20.

15 2909 18 2949 !
75 2885 202 2945 AN]
235 2890 342 2931 AM
364 2892 413 2945 ‘?).
537 2892 607 2932 25.
640 2887 715 2945 τῇ]
748 2885 791 2928 h.
824 2897 860 2928 e.
895 2890 1009 2934 ταῖς.
