1904 3184
174 802 220 854 1.
279 797 677 871 Θεωρουμένου
724 800 876 862 τινὸς
921 799 1102 863 ὕψους
1146 820 1195 870 p.
1229 801 1359 870 286,
1390 800 1449 870 4]
1499 799 1533 869 ἢ
1578 800 1748 855 πάλιν

73 889 251 962 1’τέρου
297 891 448 953 τινὸς
495 891 746 960 σώματος
798 890 937 960 πρὸς
982 889 1158 960 ὀρθὰς
1203 893 1407 958 γωνίας
1453 889 1747 961 ἱσταμένου

93 989 137 1054 ῷ
177 979 434 1053 ἐπιπέδῳ,
474 979 535 1033 ἐν
573 973 618 1052 ᾦ
655 978 748 1032 καὶ
787 980 850 1032 τὸ
891 981 1159 1050 ε”νοπτρον
1198 989 1384 1032 κεῖται.

174 1086 225 1138 2.
288 1087 396 1154 Τῆς
442 1087 684 1154 σφαίρας
728 1103 778 1153 p.
819 1085 950 1154 286,
992 1082 1092 1153 15]
1139 1079 1255 1136 εἶπε
1302 1081 1363 1136 δὲ
1409 1084 1470 1137 τὸ
1517 1082 1748 1156 κέντρον

91 1183 157 1244 ἧς
194 1177 437 1245 σφαίρας
472 1172 565 1226 καὶ
604 1174 671 1227 οὐ
710 1174 772 1226 τὸ
811 1171 1044 1243 κέντρον
1081 1180 1181 1226 τοῦ
1221 1172 1514 1243 ἐνόπτρου,
1561 1172 1746 1243 ἐπειδὴ
1809 1183 1858 1246 5⁴

95 1262 411 1334 ’φαιροειδές
449 1262 564 1316 ἐστι
603 1264 665 1316 τὸ
704 1263 911 1334 κυρτὸν
951 1265 1233 1331 ἔνοπτρον.
1304 1263 1483 1333 ὥσπερ
1524 1259 1628 1316 οὖν
1659 1260 1747 1316 ἐπὶ

90 1360 156 1422 ἧς
201 1355 443 1423 σφαίρας
488 1354 621 1421 ἔχει,
678 1352 786 1420 ὅτι,
833 1351 970 1404 ὅθεν
1012 1350 1083 1404 ἂν
1121 1352 1293 1421 νοήσῃ
1332 1370 1415 1414 τις
1454 1348 1536 1403 ἐπ’
1572 1349 1747 1421 αὐτὴν

117 1444 463 1512 βαλλόμενόν
485 1462 538 1494 τι
570 1441 742 1511 βάρος
773 1441 879 1494 ἀπὸ
903 1448 1000 1509 τῆς
1024 1440 1344 1510 ἐπιφανείας
1370 1447 1467 1509 τῆς
1489 1442 1745 1511 σφαίρας,

145 1541 232 1585 ἴνο
262 1532 325 1584 τὸ
356 1530 529 1602 βάρος
563 1531 657 1583 διὰ
688 1538 788 1583 τοῦ
819 1529 1053 1600 κέντρου
1086 1529 1382 1582 ἐλεύσεται·
1422 1529 1606 1583 νεύσει
1637 1529 1743 1600 γὰρ
1838 1550 1841 1553 “

123 1619 144 1674 ὶ
187 1630 439 1691 φυσικῶς
483 1621 622 1692 πρὸς
668 1621 729 1673 τὸ
768 1619 963 1689 μέσον,
1017 1620 1166 1672 καθὰ
1211 1617 1302 1671 καὶ
1347 1626 1422 1691 τῷ
1465 1619 1744 1691 Θεοδοσίφ
1778 1628 1834 1669 10

133 1709 437 1763 οὸέὸεικται
477 1709 537 1763 ἐν
567 1719 685 1773 τοῖς
716 1713 1072 1780 Σφαιρικοῖς·
1114 1708 1257 1761 οὕτω
1291 1708 1360 1777 δὴ
1398 1705 1490 1760 καὶ
1526 1705 1614 1761 ἐπὶ
1643 1714 1744 1760 τοῦ

91 1800 451 1870 φαιροειδοῦς
504 1799 775 1868 ἐνόπτρου
831 1797 927 1852 ἐὰν
981 1798 1119 1868 πρὸς
1164 1796 1342 1867 ὀρθὰς
1387 1799 1592 1865 γωνίας
1637 1794 1746 1850 ἀπό

89 1908 207 1952 ινος
252 1887 538 1959 ὁρωμένου
561 1888 772 1959 ’ἀφεθῇ
818 1907 902 1950 τις
954 1887 1171 1955 εὐθεῖα,
1224 1886 1363 1957 πρὸς
1407 1886 1469 1940 τὸ
1514 1884 1745 1958 κέντρον

127 1984 152 1995 ”
194 1977 465 2049 ἐνόπτρου
503 1988 761 2031 πεσεῖται.

167 2083 217 2136 3.
275 2081 475 2136 Οὐκέτι
514 2082 708 2153 ὁρᾶται
747 2102 798 2152 p.
832 2082 956 2151 286,
991 2080 1083 2151 12]
1132 2080 1338 2134 οὐκοῦν
1378 2079 1439 2133 ἐν
1476 2088 1591 2142 τοῖς
1629 2077 1743 2133 έπι-
1777 2088 1832 2130 15

97 2169 245 2235 έδοις
290 2171 577 2242 ἐνόπτροις
621 2171 852 2224 ἕκαστον
897 2180 1009 2224 τῶν
1047 2167 1343 2240 ὁρωμένων
1389 2167 1583 2238 ὁρᾶται
1619 2165 1740 2222 κατ’

146 2269 233 2314 ῐνο
279 2261 341 2314 τὸ
387 2259 575 2332 μέρος,
629 2258 762 2314 καθ’
806 2259 835 2312 ὃ
883 2260 1200 2328 σύμπτωσις
1238 2260 1446 2326 γίνεται
1485 2256 1743 2327 ἐκβαλλο-

79 2416 81 2418 q
160 2369 240 2403 mv
277 2357 375 2419 τῆς
412 2369 470 2403 τε
509 2351 687 2415 ὄψεως
731 2347 823 2403 καὶ
861 2356 958 2418 τῆς
995 2348 1101 2401 ἀπὸ
1141 2353 1241 2400 τοῦ
1281 2343 1565 2417 ὁρωμένου
1604 2350 1745 2400 καθ-

115 2456 208 2507 ου,
255 2438 436 2509 ὥσπερ
478 2436 565 2492 ἐπὶ
603 2445 703 2491 τοῦ
746 2434 1110 2506 ὑποκειμένου
1149 2434 1551 2504 ὑποδείγματος
1589 2434 1650 2488 τὸ
1689 2438 1745 2488 Δ

204 2635 214 2644 .
245 2614 290 2656 p.
412 2604 452 2644 2.
485 2599 604 2656 V¹p.
729 2602 769 2642 3.
803 2597 935 2654 qu.

145 2778 154 2786 -
175 2752 214 2793 ⁷.
246 2748 415 2853 αὐτήιέ
446 2763 492 2805 p,
524 2746 669 2814 αὐτόν
702 2746 755 2791 V.
835 2804 844 2812 ι
879 2749 919 2789 8.
951 2745 1015 2804 τι]
1047 2759 1091 2811 ρ,
1126 2758 1214 2789 om.
1240 2743 1294 2788 V.
1407 2746 1446 2787 9.
1481 2741 1653 2801 ἐκεῖνο]
1686 2741 1742 2799 V,

135 2812 158 2852 τ
181 2821 227 2865 p.
318 2823 371 2854 νε
404 2808 492 2867 σει]
525 2806 721 2850 dublum
754 2807 802 2849 ei:
832 2819 880 2848 m
911 2803 954 2848 V
986 2805 1034 2848 et
1064 2818 1112 2846 m
1145 2818 1189 2859 p.
1291 2806 1359 2847 12.
1394 2802 1723 2858 σφαιροειδοῦς

99 2898 115 2924 ,
145 2874 395 2925 σφαιρικοῦ
426 2882 470 2925 p.
565 2872 634 2910 15.
668 2865 851 2924 σχόλιον
884 2862 991 2909 add.
1017 2878 1076 2907 m.
1096 2867 1121 2906 2
1148 2862 1202 2907 V.
1311 2866 1378 2906 19.
1411 2801 1742 2920 ὑποκειμένου]

132 2938 201 2971 nr.
233 2931 274 2971 4.
396 2933 439 2972 Δ
468 2925 541 2986 τό]
574 2925 676 2983 Vq,
710 2922 763 2969 δέ
793 2938 838 2981 p.
