<?xml version="1.0" encoding="UTF-8"?>
<!DOCTYPE html PUBLIC "-//W3C//DTD XHTML 1.0 Transitional//EN"
    "http://www.w3.org/TR/xhtml1/DTD/xhtml1-transitional.dtd">
<html xmlns="http://www.w3.org/1999/xhtml" xml:lang="en" lang="en">
 <head>
  <title>
</title>
<meta http-equiv="Content-Type" content="text/html;charset=utf-8" />
  <meta name='ocr-system' content='tesseract 3.04.00' />
  <meta name='ocr-capabilities' content='ocr_page ocr_carea ocr_par ocr_line ocrx_word'/>
</head>
<body>
  <div class='ocr_page' id='page_1' title='image "./euclidisoperaomn07eucluoft/euclidisoperaomn07eucluoft_0260.png"; bbox 0 0 1904 3184; ppageno 0'>
   <div class='ocr_carea' id='block_1_1' title="bbox 206 130 1544 185">
    <p class='ocr_par' dir='ltr' id='par_1_1' title="bbox 206 130 1544 185">
     <span class='ocr_line' id='line_1_1' title="bbox 206 130 1544 185; baseline -0.007 -1"><span class='ocrx_word' id='word_1_1' title='bbox 206 130 312 185; x_wconf 74' lang='lat'><strong><em>198</em></strong></span> <span class='ocrx_word' id='word_1_2' title='bbox 554 132 907 175; x_wconf 69' lang='lat' dir='ltr'>ommomm</span> <span class='ocrx_word' id='word_1_3' title='bbox 935 131 1234 175; x_wconf 67' lang='lat' dir='ltr'>mommo</span> <span class='ocrx_word' id='word_1_4' title='bbox 1266 131 1544 175; x_wconf 65' lang='lat' dir='ltr'><strong><em>mamus,</em></strong></span> 
     </span>
    </p>
   </div>
   <div class='ocr_carea' id='block_1_2' title="bbox 196 248 1896 411">
    <p class='ocr_par' dir='ltr' id='par_1_2' title="bbox 196 248 1896 411">
     <span class='ocr_line' id='line_1_2' title="bbox 198 248 1896 320; baseline -0.001 -13"><span class='ocrx_word' id='word_1_5' title='bbox 198 249 296 307; x_wconf 69' lang='grc' dir='ltr'><strong><em>καὶ</em></strong></span> <span class='ocrx_word' id='word_1_6' title='bbox 347 252 554 307; x_wconf 77' lang='grc' dir='ltr'><em>κείσθω</em></span> <span class='ocrx_word' id='word_1_7' title='bbox 609 251 672 305; x_wconf 88' lang='grc' dir='ltr'><strong><em>τὸ</em></strong></span> <span class='ocrx_word' id='word_1_8' title='bbox 717 249 866 320; x_wconf 78' lang='grc' dir='ltr'><strong><em>ὄμμα</em></strong></span> <span class='ocrx_word' id='word_1_9' title='bbox 919 249 1009 305; x_wconf 81' lang='grc' dir='ltr'><strong><em>ἐπὶ</em></strong></span> <span class='ocrx_word' id='word_1_10' title='bbox 1052 259 1152 305; x_wconf 84' lang='grc' dir='ltr'><strong><em>τοῦ</em></strong></span> <span class='ocrx_word' id='word_1_11' title='bbox 1204 255 1269 307; x_wconf 80' lang='grc' dir='ltr'><strong><em>Θ.</em></strong></span> <span class='ocrx_word' id='word_1_12' title='bbox 1351 248 1494 320; x_wconf 84' lang='grc' dir='ltr'><strong><em>φημὶ</em></strong></span> <span class='ocrx_word' id='word_1_13' title='bbox 1544 251 1614 320; x_wconf 74' lang='grc' dir='ltr'><strong><em>δὴ</em></strong></span> <span class='ocrx_word' id='word_1_14' title='bbox 1661 253 1896 306; x_wconf 80' lang='grc' dir='ltr'><strong><em>ἔλασσον</em></strong></span> 
     </span>
     <span class='ocr_line' id='line_1_3' title="bbox 196 337 1895 411; baseline -0.002 -14"><span class='ocrx_word' id='word_1_15' title='bbox 196 339 563 410; x_wconf 67' lang='grc' dir='ltr'><strong><em>ὀφθήσεσθαι</em></strong></span> <span class='ocrx_word' id='word_1_16' title='bbox 600 346 701 392; x_wconf 84' lang='grc' dir='ltr'><strong><em>τοῦ</em></strong></span> <span class='ocrx_word' id='word_1_17' title='bbox 731 340 917 394; x_wconf 83' lang='grc' dir='ltr'><strong><em>κώνου</em></strong></span> <span class='ocrx_word' id='word_1_18' title='bbox 954 341 1017 393; x_wconf 90' lang='grc' dir='ltr'><strong><em>τὸ</em></strong></span> <span class='ocrx_word' id='word_1_19' title='bbox 1048 340 1332 411; x_wconf 86' lang='grc' dir='ltr'><strong><em>ὁρώμενον</em></strong></span> <span class='ocrx_word' id='word_1_20' title='bbox 1370 337 1631 403; x_wconf 76' lang='grc' dir='ltr'><strong><em>τεθέντος</em></strong></span> <span class='ocrx_word' id='word_1_21' title='bbox 1667 348 1767 394; x_wconf 79' lang='grc' dir='ltr'><strong><em>τοῦ</em></strong></span> <span class='ocrx_word' id='word_1_22' title='bbox 1796 340 1895 411; x_wconf 80' lang='grc' dir='ltr'><strong><em>ὄμ-</em></strong></span> 
     </span>
    </p>
   </div>
   <div class='ocr_carea' id='block_1_3' title="bbox 193 427 1897 500">
    <p class='ocr_par' dir='ltr' id='par_1_3' title="bbox 193 427 1897 500">
     <span class='ocr_line' id='line_1_4' title="bbox 193 427 1897 500; baseline -0.001 -15"><span class='ocrx_word' id='word_1_23' title='bbox 193 449 372 500; x_wconf 79' lang='grc' dir='ltr'><strong><em>ματος</em></strong></span> <span class='ocrx_word' id='word_1_24' title='bbox 409 427 499 485; x_wconf 80' lang='grc' dir='ltr'><strong><em>ἐπὶ</em></strong></span> <span class='ocrx_word' id='word_1_25' title='bbox 534 436 637 482; x_wconf 85' lang='grc' dir='ltr'><strong><em>τοῦ</em></strong></span> <span class='ocrx_word' id='word_1_26' title='bbox 673 431 721 482; x_wconf 79' lang='grc' dir='ltr'>Θ</span> <span class='ocrx_word' id='word_1_27' title='bbox 757 431 986 498; x_wconf 80' lang='grc' dir='ltr'>σημείου</span> <span class='ocrx_word' id='word_1_28' title='bbox 1015 429 1152 500; x_wconf 77' lang='grc' dir='ltr'><strong><em>ἥπερ</em></strong></span> <span class='ocrx_word' id='word_1_29' title='bbox 1185 427 1275 482; x_wconf 86' lang='grc' dir='ltr'><strong><em>ε’πὶ</em></strong></span> <span class='ocrx_word' id='word_1_30' title='bbox 1304 435 1405 482; x_wconf 82' lang='grc' dir='ltr'><strong><em>τοῦ</em></strong></span> <span class='ocrx_word' id='word_1_31' title='bbox 1437 432 1505 483; x_wconf 89' lang='grc' dir='ltr'><strong><em>Σ.</em></strong></span> <span class='ocrx_word' id='word_1_32' title='bbox 1567 428 1897 499; x_wconf 77' lang='grc' dir='ltr'><strong><em>ἐπεζεύχθω-</em></strong></span> 
     </span>
    </p>
   </div>
   <div class='ocr_carea' id='block_1_4' title="bbox 205 516 1901 589">
    <p class='ocr_par' dir='ltr' id='par_1_4' title="bbox 205 516 1901 589">
     <span class='ocr_line' id='line_1_5' title="bbox 205 516 1901 589; baseline 0 -17"><span class='ocrx_word' id='word_1_33' title='bbox 205 533 311 572; x_wconf 93' lang='grc' dir='ltr'><strong><em>σαν</em></strong></span> <span class='ocrx_word' id='word_1_34' title='bbox 349 519 454 589; x_wconf 77' lang='grc' dir='ltr'><strong><em>γὰρ</em></strong></span> <span class='ocrx_word' id='word_1_35' title='bbox 488 517 602 572; x_wconf 75' lang='grc' dir='ltr'><strong><em>ἀπὸ</em></strong></span> <span class='ocrx_word' id='word_1_36' title='bbox 639 524 741 571; x_wconf 78' lang='grc' dir='ltr'><strong><em>τοῦ</em></strong></span> <span class='ocrx_word' id='word_1_37' title='bbox 776 522 835 572; x_wconf 92' lang='grc' dir='ltr'><em>Δ</em></span> <span class='ocrx_word' id='word_1_38' title='bbox 878 520 1108 588; x_wconf 76' lang='grc' dir='ltr'><strong><em>σημείου</em></strong></span> <span class='ocrx_word' id='word_1_39' title='bbox 1155 516 1243 572; x_wconf 84' lang='grc' dir='ltr'><strong><em>ἐπὶ</em></strong></span> <span class='ocrx_word' id='word_1_40' title='bbox 1282 518 1350 571; x_wconf 82' lang='grc' dir='ltr'><strong><em>τὰ</em></strong></span> <span class='ocrx_word' id='word_1_41' title='bbox 1392 521 1464 586; x_wconf 84' lang='grc' dir='ltr'><strong><em>Θ,</em></strong></span> <span class='ocrx_word' id='word_1_42' title='bbox 1498 521 1556 571; x_wconf 89' lang='grc' dir='ltr'><strong><em>Σ</em></strong></span> <span class='ocrx_word' id='word_1_43' title='bbox 1595 528 1790 588; x_wconf 78' lang='grc' dir='ltr'><strong><em>σημεῖα</em></strong></span> <span class='ocrx_word' id='word_1_44' title='bbox 1836 519 1901 572; x_wconf 73' lang='grc' dir='ltr'><strong><em>αἱ</em></strong></span> 
     </span>
    </p>
   </div>
   <div class='ocr_carea' id='block_1_5' title="bbox 146 605 1897 677">
    <p class='ocr_par' dir='ltr' id='par_1_5' title="bbox 146 605 1897 677">
     <span class='ocr_line' id='line_1_6' title="bbox 146 605 1897 677; baseline 0.002 -20"><span class='ocrx_word' id='word_1_45' title='bbox 146 617 172 657; x_wconf 88' lang='grc'>5</span> <span class='ocrx_word' id='word_1_46' title='bbox 203 612 260 665; x_wconf 86' lang='grc' dir='ltr'><em>Δ</em></span> <span class='ocrx_word' id='word_1_47' title='bbox 272 612 343 677; x_wconf 83' lang='grc' dir='ltr'><strong><em>Θ,</em></strong></span> <span class='ocrx_word' id='word_1_48' title='bbox 374 612 431 662; x_wconf 90' lang='grc' dir='ltr'><em>Δ</em></span> <span class='ocrx_word' id='word_1_49' title='bbox 441 611 500 660; x_wconf 88' lang='grc' dir='ltr'><strong><em>Σ</em></strong></span> <span class='ocrx_word' id='word_1_50' title='bbox 539 605 634 661; x_wconf 80' lang='grc' dir='ltr'><strong><em>καὶ</em></strong></span> <span class='ocrx_word' id='word_1_51' title='bbox 678 605 1142 677; x_wconf 79' lang='grc' dir='ltr'><strong><em>ἐκβεβλήσθωσαν</em></strong></span> <span class='ocrx_word' id='word_1_52' title='bbox 1189 605 1277 660; x_wconf 82' lang='grc' dir='ltr'><strong><em>ἐπὶ</em></strong></span> <span class='ocrx_word' id='word_1_53' title='bbox 1322 606 1390 659; x_wconf 84' lang='grc' dir='ltr'><strong><em>τὰ</em></strong></span> <span class='ocrx_word' id='word_1_54' title='bbox 1434 610 1515 675; x_wconf 91' lang='grc' dir='ltr'><strong><em>Ν,</em></strong></span> <span class='ocrx_word' id='word_1_55' title='bbox 1547 610 1614 660; x_wconf 89' lang='lat' dir='ltr'><strong><em>A.</em></strong></span> <span class='ocrx_word' id='word_1_56' title='bbox 1690 607 1897 661; x_wconf 87' lang='grc' dir='ltr'><strong><em>οὐκοῦν</em></strong></span> 
     </span>
    </p>
   </div>
   <div class='ocr_carea' id='block_1_6' title="bbox 116 1063 171 1103">
    <p class='ocr_par' dir='ltr' id='par_1_6' title="bbox 116 1063 171 1103">
     <span class='ocr_line' id='line_1_7' title="bbox 116 1063 171 1103; baseline 0.018 -1"><span class='ocrx_word' id='word_1_57' title='bbox 116 1063 171 1103; x_wconf 93' lang='grc'><strong><em>10</em></strong></span> 
     </span>
    </p>
   </div>
   <div class='ocr_carea' id='block_1_7' title="bbox 114 1567 168 1606">
    <p class='ocr_par' dir='ltr' id='par_1_7' title="bbox 114 1567 168 1606">
     <span class='ocr_line' id='line_1_8' title="bbox 114 1567 168 1606; baseline 0 0"><span class='ocrx_word' id='word_1_58' title='bbox 114 1567 168 1606; x_wconf 89' lang='grc'><strong><em>15</em></strong></span> 
     </span>
    </p>
   </div>
   <div class='ocr_carea' id='block_1_8' title="bbox 112 2011 170 2052">
    <p class='ocr_par' dir='ltr' id='par_1_8' title="bbox 112 2011 170 2052">
     <span class='ocr_line' id='line_1_9' title="bbox 112 2011 170 2052; baseline -0.017 0"><span class='ocrx_word' id='word_1_59' title='bbox 112 2011 170 2052; x_wconf 87' lang='grc'><strong><em>20</em></strong></span> 
     </span>
    </p>
   </div>
   <div class='ocr_carea' id='block_1_9' title="bbox 199 693 1904 2339">
    <p class='ocr_par' dir='ltr' id='par_1_9' title="bbox 199 693 1904 1506">
     <span class='ocr_line' id='line_1_10' title="bbox 199 693 1896 765; baseline -0.001 -13"><span class='ocrx_word' id='word_1_60' title='bbox 199 695 296 754; x_wconf 76' lang='grc' dir='ltr'><strong><em>ἐπί</em></strong></span> <span class='ocrx_word' id='word_1_61' title='bbox 336 716 395 749; x_wconf 89' lang='grc' dir='ltr'><strong><em>τε</em></strong></span> <span class='ocrx_word' id='word_1_62' title='bbox 440 702 542 751; x_wconf 82' lang='grc' dir='ltr'><strong><em>τοῦ</em></strong></span> <span class='ocrx_word' id='word_1_63' title='bbox 579 699 647 750; x_wconf 80' lang='grc' dir='ltr'><em>Ν</em></span> <span class='ocrx_word' id='word_1_64' title='bbox 690 694 784 751; x_wconf 84' lang='grc' dir='ltr'><strong><em>καὶ</em></strong></span> <span class='ocrx_word' id='word_1_65' title='bbox 824 694 919 749; x_wconf 73' lang='grc' dir='ltr'><strong><em>,ἐπὶ</em></strong></span> <span class='ocrx_word' id='word_1_66' title='bbox 965 703 1065 749; x_wconf 91' lang='grc' dir='ltr'><strong><em>τοῦ</em></strong></span> <span class='ocrx_word' id='word_1_67' title='bbox 1113 699 1164 749; x_wconf 94' lang='grc' dir='ltr'><em>Λ</em></span> <span class='ocrx_word' id='word_1_68' title='bbox 1218 698 1446 765; x_wconf 85' lang='grc' dir='ltr'><strong><em>σημείου</em></strong></span> <span class='ocrx_word' id='word_1_69' title='bbox 1493 693 1750 760; x_wconf 78' lang='grc' dir='ltr'><strong><em>τεθέντος</em></strong></span> <span class='ocrx_word' id='word_1_70' title='bbox 1794 703 1896 750; x_wconf 87' lang='grc' dir='ltr'><strong><em>τοῦ</em></strong></span> 
     </span>
     <span class='ocr_line' id='line_1_11' title="bbox 200 783 1897 855; baseline 0 -15"><span class='ocrx_word' id='word_1_71' title='bbox 200 783 446 855; x_wconf 73' lang='grc' dir='ltr'><strong><em>ὄμματος</em></strong></span> <span class='ocrx_word' id='word_1_72' title='bbox 491 787 656 839; x_wconf 78' lang='grc' dir='ltr'><strong><em>ἄνισα</em></strong></span> <span class='ocrx_word' id='word_1_73' title='bbox 702 788 958 854; x_wconf 82' lang='grc' dir='ltr'><strong><em>φαίνεται</em></strong></span> <span class='ocrx_word' id='word_1_74' title='bbox 1004 786 1072 838; x_wconf 79' lang='grc' dir='ltr'><strong><em>τὰ</em></strong></span> <span class='ocrx_word' id='word_1_75' title='bbox 1114 785 1366 855; x_wconf 87' lang='grc' dir='ltr'><strong><em>ὁρώμενα</em></strong></span> <span class='ocrx_word' id='word_1_76' title='bbox 1409 791 1510 837; x_wconf 90' lang='grc' dir='ltr'><strong><em>τοῦ</em></strong></span> <span class='ocrx_word' id='word_1_77' title='bbox 1549 786 1758 855; x_wconf 80' lang='grc' dir='ltr'><strong><em>κώνου,</em></strong></span> <span class='ocrx_word' id='word_1_78' title='bbox 1803 784 1897 840; x_wconf 83' lang='grc' dir='ltr'><strong><em>καὶ</em></strong></span> 
     </span>
     <span class='ocr_line' id='line_1_12' title="bbox 202 871 1904 946; baseline -0.002 -18"><span class='ocrx_word' id='word_1_79' title='bbox 202 876 438 929; x_wconf 77' lang='grc' dir='ltr'><strong><em>ἔλασσον</em></strong></span> <span class='ocrx_word' id='word_1_80' title='bbox 480 871 584 944; x_wconf 73' lang='grc' dir='ltr'><strong><em>μὲν</em></strong></span> <span class='ocrx_word' id='word_1_81' title='bbox 630 876 888 944; x_wconf 86' lang='grc' dir='ltr'><strong><em>φαίνεται</em></strong></span> <span class='ocrx_word' id='word_1_82' title='bbox 933 874 995 927; x_wconf 91' lang='grc' dir='ltr'><strong><em>τὸ</em></strong></span> <span class='ocrx_word' id='word_1_83' title='bbox 1041 874 1179 941; x_wconf 90' lang='grc' dir='ltr'><strong><em>πρὸς</em></strong></span> <span class='ocrx_word' id='word_1_84' title='bbox 1223 881 1300 946; x_wconf 77' lang='grc' dir='ltr'><strong><em>τῷ</em></strong></span> <span class='ocrx_word' id='word_1_85' title='bbox 1347 877 1429 942; x_wconf 94' lang='grc' dir='ltr'><strong><em>Ν,</em></strong></span> <span class='ocrx_word' id='word_1_86' title='bbox 1483 877 1667 943; x_wconf 83' lang='grc' dir='ltr'><strong><em>μεῖζον</em></strong></span> <span class='ocrx_word' id='word_1_87' title='bbox 1719 871 1781 928; x_wconf 75' lang='grc' dir='ltr'><strong><em>δὲ</em></strong></span> <span class='ocrx_word' id='word_1_88' title='bbox 1833 876 1904 929; x_wconf 83' lang='grc' dir='ltr'><strong><em>τὸ,</em></strong></span> 
     </span>
     <span class='ocr_line' id='line_1_13' title="bbox 201 959 1904 1036; baseline -0.001 -19"><span class='ocrx_word' id='word_1_89' title='bbox 201 964 340 1035; x_wconf 84' lang='grc' dir='ltr'><strong><em>πρὸς</em></strong></span> <span class='ocrx_word' id='word_1_90' title='bbox 370 971 445 1036; x_wconf 77' lang='grc' dir='ltr'><strong><em>τῷ</em></strong></span> <span class='ocrx_word' id='word_1_91' title='bbox 472 967 538 1017; x_wconf 88' lang='grc' dir='ltr'><strong><em>Λ.</em></strong></span> <span class='ocrx_word' id='word_1_92' title='bbox 594 968 719 1017; x_wconf 72' lang='grc' dir='ltr'><strong><em>ἴσον</em></strong></span> <span class='ocrx_word' id='word_1_93' title='bbox 750 960 812 1017; x_wconf 75' lang='grc' dir='ltr'><strong><em>δὲ</em></strong></span> <span class='ocrx_word' id='word_1_94' title='bbox 842 964 904 1016; x_wconf 93' lang='grc' dir='ltr'><strong><em>τὸ</em></strong></span> <span class='ocrx_word' id='word_1_95' title='bbox 936 960 1036 1032; x_wconf 78' lang='grc' dir='ltr'><strong><em>μὲν</em></strong></span> <span class='ocrx_word' id='word_1_96' title='bbox 1073 963 1213 1033; x_wconf 89' lang='grc' dir='ltr'><strong><em>πρὸς</em></strong></span> <span class='ocrx_word' id='word_1_97' title='bbox 1244 970 1318 1035; x_wconf 75' lang='grc' dir='ltr'><strong><em>τῷ</em></strong></span> <span class='ocrx_word' id='word_1_98' title='bbox 1354 967 1416 1016; x_wconf 95' lang='grc' dir='ltr'><strong><em>Ν</em></strong></span> <span class='ocrx_word' id='word_1_99' title='bbox 1448 970 1523 1035; x_wconf 78' lang='grc' dir='ltr'><strong><em>τῷ</em></strong></span> <span class='ocrx_word' id='word_1_100' title='bbox 1562 964 1701 1033; x_wconf 88' lang='grc' dir='ltr'><strong><em>πρὸς</em></strong></span> <span class='ocrx_word' id='word_1_101' title='bbox 1729 971 1805 1036; x_wconf 79' lang='grc' dir='ltr'><strong><em>τςό</em></strong></span> <span class='ocrx_word' id='word_1_102' title='bbox 1833 959 1904 1034; x_wconf 58' lang='lat' dir='ltr'><strong><em>Q}</em></strong></span> 
     </span>
     <span class='ocr_line' id='line_1_14' title="bbox 203 1045 1904 1125; baseline 0 -19"><span class='ocrx_word' id='word_1_103' title='bbox 203 1053 264 1106; x_wconf 85' lang='grc' dir='ltr'><strong><em>τὸ</em></strong></span> <span class='ocrx_word' id='word_1_104' title='bbox 305 1049 367 1105; x_wconf 74' lang='grc' dir='ltr'><strong><em>δὲ</em></strong></span> <span class='ocrx_word' id='word_1_105' title='bbox 404 1053 542 1123; x_wconf 86' lang='grc' dir='ltr'><strong><em>πρὸς</em></strong></span> <span class='ocrx_word' id='word_1_106' title='bbox 579 1059 655 1125; x_wconf 75' lang='grc' dir='ltr'><strong><em>τῷ</em></strong></span> <span class='ocrx_word' id='word_1_107' title='bbox 689 1055 741 1107; x_wconf 89' lang='grc' dir='ltr'><em>Λ</em></span> <span class='ocrx_word' id='word_1_108' title='bbox 779 1060 855 1124; x_wconf 80' lang='grc' dir='ltr'><strong><em>τῷ</em></strong></span> <span class='ocrx_word' id='word_1_109' title='bbox 894 1053 1032 1123; x_wconf 90' lang='grc' dir='ltr'><strong><em>πρὸς</em></strong></span> <span class='ocrx_word' id='word_1_110' title='bbox 1062 1059 1140 1120; x_wconf 79' lang='grc' dir='ltr'><strong><em>τῷ</em></strong></span> <span class='ocrx_word' id='word_1_111' title='bbox 1174 1055 1242 1120; x_wconf 91' lang='grc' dir='ltr'><strong><em>Σ,</em></strong></span> <span class='ocrx_word' id='word_1_112' title='bbox 1282 1051 1357 1114; x_wconf 83' lang='grc' dir='ltr'><strong><em>ὡς</em></strong></span> <span class='ocrx_word' id='word_1_113' title='bbox 1389 1051 1450 1105; x_wconf 85' lang='grc' dir='ltr'><strong><em>ἐν</em></strong></span> <span class='ocrx_word' id='word_1_114' title='bbox 1479 1059 1555 1124; x_wconf 78' lang='grc' dir='ltr'><strong><em>τῷ</em></strong></span> <span class='ocrx_word' id='word_1_115' title='bbox 1586 1053 1693 1122; x_wconf 89' lang='grc' dir='ltr'><strong><em>πρὸ</em></strong></span> <span class='ocrx_word' id='word_1_116' title='bbox 1722 1045 1904 1121; x_wconf 48' lang='grc' dir='ltr'><strong><em>αὐτοῦ,Ξ</em></strong></span> 
     </span>
     <span class='ocr_line' id='line_1_15' title="bbox 203 1131 1904 1215; baseline 0 -21"><span class='ocrx_word' id='word_1_117' title='bbox 203 1140 442 1211; x_wconf 80' lang='grc' dir='ltr'><strong><em>ἐδείχθη.</em></strong></span> <span class='ocrx_word' id='word_1_118' title='bbox 516 1149 617 1195; x_wconf 84' lang='grc' dir='ltr'><strong><em>τοῦ</em></strong></span> <span class='ocrx_word' id='word_1_119' title='bbox 664 1143 771 1213; x_wconf 73' lang='grc' dir='ltr'><strong><em>ἄρα</em></strong></span> <span class='ocrx_word' id='word_1_120' title='bbox 810 1140 1052 1211; x_wconf 78' lang='grc' dir='ltr'><strong><em>ὄμματος</em></strong></span> <span class='ocrx_word' id='word_1_121' title='bbox 1096 1141 1235 1211; x_wconf 91' lang='grc' dir='ltr'><strong><em>πρὸς</em></strong></span> <span class='ocrx_word' id='word_1_122' title='bbox 1272 1149 1348 1213; x_wconf 77' lang='grc' dir='ltr'><strong><em>τῷ</em></strong></span> <span class='ocrx_word' id='word_1_123' title='bbox 1392 1145 1440 1194; x_wconf 84' lang='grc' dir='ltr'>Θ</span> <span class='ocrx_word' id='word_1_124' title='bbox 1485 1144 1687 1214; x_wconf 77' lang='grc' dir='ltr'><strong><em>σημείῳ</em></strong></span> <span class='ocrx_word' id='word_1_125' title='bbox 1735 1131 1904 1215; x_wconf 55' lang='grc' dir='ltr'><strong><em>ὄντος-ξ</em></strong></span> 
     </span>
     <span class='ocr_line' id='line_1_16' title="bbox 201 1218 1904 1308; baseline -0.001 -23"><span class='ocrx_word' id='word_1_126' title='bbox 201 1233 437 1286; x_wconf 76' lang='grc' dir='ltr'><strong><em>ἔλασσον</em></strong></span> <span class='ocrx_word' id='word_1_127' title='bbox 472 1233 730 1301; x_wconf 82' lang='grc' dir='ltr'><strong><em>φαίνεται</em></strong></span> <span class='ocrx_word' id='word_1_128' title='bbox 775 1231 838 1284; x_wconf 90' lang='grc' dir='ltr'><strong><em>τὸ</em></strong></span> <span class='ocrx_word' id='word_1_129' title='bbox 878 1230 1162 1301; x_wconf 84' lang='grc' dir='ltr'><strong><em>ὁρώμενον</em></strong></span> <span class='ocrx_word' id='word_1_130' title='bbox 1207 1237 1307 1283; x_wconf 87' lang='grc' dir='ltr'><strong><em>τοῦ</em></strong></span> <span class='ocrx_word' id='word_1_131' title='bbox 1346 1231 1529 1284; x_wconf 85' lang='grc' dir='ltr'><strong><em>κώνου</em></strong></span> <span class='ocrx_word' id='word_1_132' title='bbox 1575 1232 1713 1301; x_wconf 82' lang='grc' dir='ltr'><strong><em>ἤπερ</em></strong></span> <span class='ocrx_word' id='word_1_133' title='bbox 1757 1218 1904 1308; x_wconf 61' lang='grc' dir='ltr'><strong><em>πρὸς-ᾖΙ</em></strong></span> 
     </span>
     <span class='ocr_line' id='line_1_17' title="bbox 200 1322 1904 1393; baseline 0.002 -20"><span class='ocrx_word' id='word_1_134' title='bbox 200 1327 276 1393; x_wconf 75' lang='grc' dir='ltr'><strong><em>τῷ</em></strong></span> <span class='ocrx_word' id='word_1_135' title='bbox 318 1324 386 1375; x_wconf 86' lang='grc' dir='ltr'><strong><em>Σ.</em></strong></span> <span class='ocrx_word' id='word_1_136' title='bbox 1895 1322 1904 1376; x_wconf 77' lang='grc' dir='ltr'><strong>ἐ</strong></span> 
     </span>
     <span class='ocr_line' id='line_1_18' title="bbox 995 1451 1102 1506; baseline 0 0"><span class='ocrx_word' id='word_1_137' title='bbox 995 1451 1102 1506; x_wconf 83' lang='grc' dir='ltr'><strong><em>λδ’.</em></strong></span> 
     </span>
    </p>

    <p class='ocr_par' dir='ltr' id='par_1_10' title="bbox 202 1555 1904 1804">
     <span class='ocr_line' id='line_1_19' title="bbox 309 1555 1864 1631; baseline -0.001 -19"><span class='ocrx_word' id='word_1_138' title='bbox 309 1556 401 1612; x_wconf 86' lang='grc' dir='ltr'><strong><em>Ἐν</em></strong></span> <span class='ocrx_word' id='word_1_139' title='bbox 445 1559 627 1631; x_wconf 77' lang='grc' dir='ltr'><strong><em>κύκλῳ</em></strong></span> <span class='ocrx_word' id='word_1_140' title='bbox 684 1557 782 1612; x_wconf 81' lang='grc' dir='ltr'><strong><em>ἐὰν</em></strong></span> <span class='ocrx_word' id='word_1_141' title='bbox 827 1556 933 1610; x_wconf 83' lang='grc' dir='ltr'><strong><em>ἀπὸ</em></strong></span> <span class='ocrx_word' id='word_1_142' title='bbox 981 1564 1081 1610; x_wconf 89' lang='grc' dir='ltr'><strong><em>τοῦ</em></strong></span> <span class='ocrx_word' id='word_1_143' title='bbox 1127 1555 1361 1626; x_wconf 80' lang='grc' dir='ltr'><strong><em>κέντρου</em></strong></span> <span class='ocrx_word' id='word_1_144' title='bbox 1405 1558 1544 1628; x_wconf 89' lang='grc' dir='ltr'><strong><em>πρὸς</em></strong></span> <span class='ocrx_word' id='word_1_145' title='bbox 1590 1557 1767 1629; x_wconf 87' lang='grc' dir='ltr'><strong><em>ὀρθάς</em></strong></span> <span class='ocrx_word' id='word_1_146' title='bbox 1811 1576 1864 1611; x_wconf 89' lang='grc' dir='ltr'><strong><em>τι</em></strong></span> 
     </span>
     <span class='ocr_line' id='line_1_20' title="bbox 202 1642 1861 1719; baseline 0 -20"><span class='ocrx_word' id='word_1_147' title='bbox 202 1645 350 1718; x_wconf 80' lang='grc' dir='ltr'><strong><em>ἀχθῇ</em></strong></span> <span class='ocrx_word' id='word_1_148' title='bbox 389 1654 465 1719; x_wconf 75' lang='grc' dir='ltr'><strong><em>τῷ</em></strong></span> <span class='ocrx_word' id='word_1_149' title='bbox 504 1653 605 1702; x_wconf 86' lang='grc' dir='ltr'><strong><em>τοῦ</em></strong></span> <span class='ocrx_word' id='word_1_150' title='bbox 643 1646 850 1701; x_wconf 80' lang='grc' dir='ltr'><strong><em>κύκλου</em></strong></span> <span class='ocrx_word' id='word_1_151' title='bbox 891 1643 1148 1717; x_wconf 77' lang='grc' dir='ltr'><em>ἐπιπέδῳ,</em></span> <span class='ocrx_word' id='word_1_152' title='bbox 1191 1643 1278 1698; x_wconf 81' lang='grc' dir='ltr'><strong><em>ἐπὶ</em></strong></span> <span class='ocrx_word' id='word_1_153' title='bbox 1318 1642 1379 1698; x_wconf 73' lang='grc' dir='ltr'><strong><em>δὲ</em></strong></span> <span class='ocrx_word' id='word_1_154' title='bbox 1417 1647 1618 1714; x_wconf 81' lang='grc' dir='ltr'><strong><em>ταύτης</em></strong></span> <span class='ocrx_word' id='word_1_155' title='bbox 1655 1651 1791 1717; x_wconf 82' lang='grc' dir='ltr'><strong><em>τεθῇ</em></strong></span> <span class='ocrx_word' id='word_1_156' title='bbox 1831 1666 1861 1699; x_wconf 90' lang='grc' dir='ltr'><strong><em>τ</em></strong></span> 
     </span>
     <span class='ocr_line' id='line_1_21' title="bbox 202 1733 1904 1804; baseline 0 -17"><span class='ocrx_word' id='word_1_157' title='bbox 202 1734 367 1804; x_wconf 80' lang='grc' dir='ltr'><strong><em>ὄμμα,</em></strong></span> <span class='ocrx_word' id='word_1_158' title='bbox 407 1740 517 1791; x_wconf 78' lang='grc' dir='ltr'><strong><em>ἴσαι</em></strong></span> <span class='ocrx_word' id='word_1_159' title='bbox 558 1735 622 1791; x_wconf 76' lang='grc' dir='ltr'><strong><em>,αἱ</em></strong></span> <span class='ocrx_word' id='word_1_160' title='bbox 657 1733 941 1803; x_wconf 74' lang='grc' dir='ltr'><strong><em>διάμετροι</em></strong></span> <span class='ocrx_word' id='word_1_161' title='bbox 979 1741 1079 1786; x_wconf 87' lang='grc' dir='ltr'><strong><em>τοῦ</em></strong></span> <span class='ocrx_word' id='word_1_162' title='bbox 1118 1734 1324 1787; x_wconf 85' lang='grc' dir='ltr'><strong><em>κύκλου</em></strong></span> <span class='ocrx_word' id='word_1_163' title='bbox 1365 1737 1677 1803; x_wconf 85' lang='grc' dir='ltr'><strong><em>φαίνονται.</em></strong></span> <span class='ocrx_word' id='word_1_164' title='bbox 1865 1770 1868 1778; x_wconf 86' lang='lat'>·</span> <span class='ocrx_word' id='word_1_165' title='bbox 1899 1769 1904 1779; x_wconf 91' lang='lat'>·</span> 
     </span>
    </p>

    <p class='ocr_par' dir='ltr' id='par_1_11' title="bbox 200 1781 1904 2339">
     <span class='ocr_line' id='line_1_22' title="bbox 314 1781 1904 1894; baseline -0.001 -17"><span class='ocrx_word' id='word_1_166' title='bbox 314 1825 450 1880; x_wconf 83' lang='grc' dir='ltr'><strong><em>ἔστω</em></strong></span> <span class='ocrx_word' id='word_1_167' title='bbox 490 1824 595 1894; x_wconf 78' lang='grc' dir='ltr'><strong><em>γὰρ</em></strong></span> <span class='ocrx_word' id='word_1_168' title='bbox 632 1823 851 1891; x_wconf 81' lang='grc' dir='ltr'><strong><em>κύκλος,</em></strong></span> <span class='ocrx_word' id='word_1_169' title='bbox 890 1818 958 1876; x_wconf 85' lang='grc' dir='ltr'><strong><em>οὗ</em></strong></span> <span class='ocrx_word' id='word_1_170' title='bbox 988 1820 1220 1893; x_wconf 77' lang='grc' dir='ltr'><strong><em>κέντρον</em></strong></span> <span class='ocrx_word' id='word_1_171' title='bbox 1250 1822 1311 1876; x_wconf 92' lang='grc' dir='ltr'><strong><em>τὸ</em></strong></span> <span class='ocrx_word' id='word_1_172' title='bbox 1344 1825 1413 1891; x_wconf 91' lang='grc' dir='ltr'><strong><em>Κ,</em></strong></span> <span class='ocrx_word' id='word_1_173' title='bbox 1451 1821 1544 1876; x_wconf 87' lang='grc' dir='ltr'><strong><em>καὶ</em></strong></span> <span class='ocrx_word' id='word_1_174' title='bbox 1576 1821 1681 1877; x_wconf 79' lang='grc' dir='ltr'><strong><em>ἀπὸ</em></strong></span> <span class='ocrx_word' id='word_1_175' title='bbox 1713 1830 1813 1877; x_wconf 90' lang='grc' dir='ltr'><strong><em>τοῦ</em></strong></span> <span class='ocrx_word' id='word_1_176' title='bbox 1842 1781 1904 1885; x_wconf 45' lang='grc' dir='ltr'><em>ἡ</em></span> 
     </span>
     <span class='ocr_line' id='line_1_23' title="bbox 200 1900 1897 1990; baseline 0 -24"><span class='ocrx_word' id='word_1_177' title='bbox 200 1913 340 1983; x_wconf 90' lang='grc' dir='ltr'><strong><em>πρὸς</em></strong></span> <span class='ocrx_word' id='word_1_178' title='bbox 385 1912 562 1984; x_wconf 81' lang='grc' dir='ltr'><strong><em>ὀρθὰς</em></strong></span> <span class='ocrx_word' id='word_1_179' title='bbox 607 1911 837 1982; x_wconf 82' lang='grc' dir='ltr'><strong><em>ἀνήχθω</em></strong></span> <span class='ocrx_word' id='word_1_180' title='bbox 884 1919 960 1984; x_wconf 78' lang='grc' dir='ltr'><strong><em>τῷ</em></strong></span> <span class='ocrx_word' id='word_1_181' title='bbox 1010 1910 1247 1984; x_wconf 76' lang='grc' dir='ltr'><em>ἐπιπέδῳ</em></span> <span class='ocrx_word' id='word_1_182' title='bbox 1295 1919 1394 1965; x_wconf 86' lang='grc' dir='ltr'><strong><em>τοῦ</em></strong></span> <span class='ocrx_word' id='word_1_183' title='bbox 1440 1913 1647 1966; x_wconf 89' lang='grc' dir='ltr'><strong><em>κύκλου</em></strong></span> <span class='ocrx_word' id='word_1_184' title='bbox 1694 1913 1727 1982; x_wconf 85' lang='grc' dir='ltr'><em>ἡ</em></span> <span class='ocrx_word' id='word_1_185' title='bbox 1766 1900 1897 1990; x_wconf 59' lang='lat' dir='ltr'><strong><em>KB}</em></strong></span> 
     </span>
     <span class='ocr_line' id='line_1_24' title="bbox 201 1997 1875 2075; baseline 0.001 -20"><span class='ocrx_word' id='word_1_186' title='bbox 201 2003 263 2055; x_wconf 91' lang='grc' dir='ltr'><strong><em>τὸ</em></strong></span> <span class='ocrx_word' id='word_1_187' title='bbox 304 1998 366 2055; x_wconf 73' lang='grc' dir='ltr'><strong><em>δὲ</em></strong></span> <span class='ocrx_word' id='word_1_188' title='bbox 404 1999 552 2071; x_wconf 79' lang='grc' dir='ltr'><strong><em>ὄμμα</em></strong></span> <span class='ocrx_word' id='word_1_189' title='bbox 588 2002 795 2054; x_wconf 86' lang='grc' dir='ltr'><strong><em>κείσθω</em></strong></span> <span class='ocrx_word' id='word_1_190' title='bbox 835 1998 924 2053; x_wconf 84' lang='grc' dir='ltr'><strong><em>ἐπὶ</em></strong></span> <span class='ocrx_word' id='word_1_191' title='bbox 958 2007 1058 2057; x_wconf 84' lang='grc' dir='ltr'><strong><em>τοῦ</em></strong></span> <span class='ocrx_word' id='word_1_192' title='bbox 1090 2003 1154 2069; x_wconf 93' lang='grc' dir='ltr'><strong><em>Β,</em></strong></span> <span class='ocrx_word' id='word_1_193' title='bbox 1191 1997 1284 2054; x_wconf 85' lang='grc' dir='ltr'><strong><em>καὶ</em></strong></span> <span class='ocrx_word' id='word_1_194' title='bbox 1315 1999 1599 2071; x_wconf 79' lang='grc' dir='ltr'><strong><em>διάμετροι</em></strong></span> <span class='ocrx_word' id='word_1_195' title='bbox 1628 2002 1875 2075; x_wconf 76' lang='grc' dir='ltr'><strong><em>ἥχθωσαΙ</em></strong></span> 
     </span>
     <span class='ocr_line' id='line_1_25' title="bbox 201 1982 1897 2194; baseline 0.001 -51"><span class='ocrx_word' id='word_1_196' title='bbox 201 2091 264 2144; x_wconf 75' lang='grc' dir='ltr'><strong><em>αἱ</em></strong></span> <span class='ocrx_word' id='word_1_197' title='bbox 294 2093 411 2160; x_wconf 85' lang='grc' dir='ltr'><strong><em>ΓΑ,</em></strong></span> <span class='ocrx_word' id='word_1_198' title='bbox 430 2095 487 2144; x_wconf 92' lang='grc' dir='ltr'><em>Δ</em></span> <span class='ocrx_word' id='word_1_199' title='bbox 497 2093 557 2144; x_wconf 94' lang='grc' dir='ltr'><strong><em>Ζ.</em></strong></span> <span class='ocrx_word' id='word_1_200' title='bbox 620 2087 763 2160; x_wconf 85' lang='grc' dir='ltr'><strong><em>φημὶ</em></strong></span> <span class='ocrx_word' id='word_1_201' title='bbox 793 2089 863 2159; x_wconf 78' lang='grc' dir='ltr'><strong><em>δὴ</em></strong></span> <span class='ocrx_word' id='word_1_202' title='bbox 894 2090 996 2159; x_wconf 83' lang='grc' dir='ltr'><strong><em>τὴν</em></strong></span> <span class='ocrx_word' id='word_1_203' title='bbox 1027 2094 1081 2143; x_wconf 91' lang='grc' dir='ltr'><em>Α</em></span> <span class='ocrx_word' id='word_1_204' title='bbox 1092 2091 1146 2142; x_wconf 94' lang='grc' dir='ltr'><strong><em>Γ</em></strong></span> <span class='ocrx_word' id='word_1_205' title='bbox 1174 2097 1239 2160; x_wconf 84' lang='grc' dir='ltr'><strong><em>τῇ</em></strong></span> <span class='ocrx_word' id='word_1_206' title='bbox 1271 2093 1383 2142; x_wconf 92' lang='grc' dir='ltr'><strong><em>ΔΖ</em></strong></span> <span class='ocrx_word' id='word_1_207' title='bbox 1416 2094 1542 2158; x_wconf 75' lang='grc' dir='ltr'><strong><em>ἴσην</em></strong></span> <span class='ocrx_word' id='word_1_208' title='bbox 1574 1982 1897 2194; x_wconf 49' lang='grc' dir='ltr'><strong><em>φαίνεσθαξ</em></strong></span> 
     </span>
     <span class='ocr_line' id='line_1_26' title="bbox 203 2179 1893 2249; baseline 0 -16"><span class='ocrx_word' id='word_1_209' title='bbox 203 2179 618 2249; x_wconf 82' lang='grc' dir='ltr'><strong><em>ἐπεζεύχθωσαν</em></strong></span> <span class='ocrx_word' id='word_1_210' title='bbox 655 2179 760 2249; x_wconf 80' lang='grc' dir='ltr'><strong><em>γὰρ</em></strong></span> <span class='ocrx_word' id='word_1_211' title='bbox 802 2179 864 2231; x_wconf 77' lang='grc' dir='ltr'><strong><em>αἱ</em></strong></span> <span class='ocrx_word' id='word_1_212' title='bbox 897 2181 1016 2246; x_wconf 92' lang='grc' dir='ltr'><strong><em>ΒΑ,</em></strong></span> <span class='ocrx_word' id='word_1_213' title='bbox 1047 2181 1170 2247; x_wconf 91' lang='grc' dir='ltr'><strong><em>ΒΖ,</em></strong></span> <span class='ocrx_word' id='word_1_214' title='bbox 1202 2180 1322 2247; x_wconf 90' lang='grc' dir='ltr'><strong><em>ΒΓ,</em></strong></span> <span class='ocrx_word' id='word_1_215' title='bbox 1353 2181 1473 2232; x_wconf 87' lang='grc' dir='ltr'><strong><em>ΒΔ.</em></strong></span> <span class='ocrx_word' id='word_1_216' title='bbox 1543 2179 1750 2233; x_wconf 85' lang='grc' dir='ltr'><strong><em>οὐκοῦν</em></strong></span> <span class='ocrx_word' id='word_1_217' title='bbox 1789 2179 1893 2242; x_wconf 56' lang='grc' dir='ltr'><strong><em>δύα</em></strong></span> 
     </span>
     <span class='ocr_line' id='line_1_27' title="bbox 203 2265 1891 2339; baseline 0.001 -18"><span class='ocrx_word' id='word_1_218' title='bbox 203 2270 265 2321; x_wconf 79' lang='grc' dir='ltr'><strong><em>αἱ</em></strong></span> <span class='ocrx_word' id='word_1_219' title='bbox 307 2271 440 2337; x_wconf 90' lang='grc' dir='ltr'><strong><em>ΒΚ,</em></strong></span> <span class='ocrx_word' id='word_1_220' title='bbox 483 2271 588 2320; x_wconf 91' lang='grc' dir='ltr'><strong><em>ΚΖ</em></strong></span> <span class='ocrx_word' id='word_1_221' title='bbox 643 2265 772 2320; x_wconf 82' lang='grc' dir='ltr'><strong><em>δυσὶ</em></strong></span> <span class='ocrx_word' id='word_1_222' title='bbox 817 2276 937 2330; x_wconf 79' lang='grc' dir='ltr'><strong><em>ταῖς</em></strong></span> <span class='ocrx_word' id='word_1_223' title='bbox 982 2269 1115 2336; x_wconf 91' lang='grc' dir='ltr'><strong><em>ΒΚ,</em></strong></span> <span class='ocrx_word' id='word_1_224' title='bbox 1155 2269 1273 2319; x_wconf 91' lang='grc' dir='ltr'><strong><em>ΚΓ</em></strong></span> <span class='ocrx_word' id='word_1_225' title='bbox 1318 2272 1432 2320; x_wconf 75' lang='grc' dir='ltr'><strong><em>ἴσαι</em></strong></span> <span class='ocrx_word' id='word_1_226' title='bbox 1479 2266 1621 2321; x_wconf 84' lang='grc' dir='ltr'><strong><em>εἰσὶν</em></strong></span> <span class='ocrx_word' id='word_1_227' title='bbox 1665 2266 1891 2339; x_wconf 71' lang='grc' dir='ltr'><strong><em>ἑκατέρα</em></strong></span> 
     </span>
    </p>
   </div>
   <div class='ocr_carea' id='block_1_10' title="bbox 204 2418 558 2423">
    <p class='ocr_par' dir='ltr' id='par_1_12' title="bbox 204 2418 558 2423">
     <span class='ocr_line' id='line_1_28' title="bbox 204 2418 558 2423; baseline 0 0"><span class='ocrx_word' id='word_1_228' title='bbox 204 2418 558 2423; x_wconf 95' lang='lat' dir='ltr'><strong><em> </em></strong></span> 
     </span>
    </p>
   </div>
   <div class='ocr_carea' id='block_1_11' title="bbox 203 2512 1904 2977">
    <p class='ocr_par' dir='ltr' id='par_1_13' title="bbox 323 2512 1904 2574">
     <span class='ocr_line' id='line_1_29' title="bbox 323 2512 1904 2574; baseline 0.001 -14"><span class='ocrx_word' id='word_1_229' title='bbox 323 2522 362 2561; x_wconf 83' lang='lat'><strong><em>2.</em></strong></span> <span class='ocrx_word' id='word_1_230' title='bbox 398 2516 663 2574; x_wconf 85' lang='grc' dir='ltr'><strong><em>ὀφθήσεται</em></strong></span> <span class='ocrx_word' id='word_1_231' title='bbox 693 2531 745 2573; x_wconf 82' lang='lat' dir='ltr'><strong><em>p,</em></strong></span> <span class='ocrx_word' id='word_1_232' title='bbox 786 2515 1063 2572; x_wconf 87' lang='grc' dir='ltr'><strong><em>ὠφθήσεται</em></strong></span> <span class='ocrx_word' id='word_1_233' title='bbox 1093 2531 1135 2562; x_wconf 85' lang='lat' dir='ltr'><strong><em>v.</em></strong></span> <span class='ocrx_word' id='word_1_234' title='bbox 1290 2516 1536 2571; x_wconf 83' lang='grc' dir='ltr'><strong><em>ὡρώμενον</em></strong></span> <span class='ocrx_word' id='word_1_235' title='bbox 1568 2531 1620 2573; x_wconf 82' lang='lat' dir='ltr'><strong><em>v,</em></strong></span> <span class='ocrx_word' id='word_1_236' title='bbox 1661 2517 1742 2561; x_wconf 85' lang='lat' dir='ltr'><strong><em>sed</em></strong></span> <span class='ocrx_word' id='word_1_237' title='bbox 1775 2512 1904 2563; x_wconf 47' lang='lat' dir='ltr'>corn*</span> 
     </span>
    </p>

    <p class='ocr_par' dir='ltr' id='par_1_14' title="bbox 203 2574 1884 2770">
     <span class='ocr_line' id='line_1_30' title="bbox 266 2574 1882 2637; baseline 0.001 -17"><span class='ocrx_word' id='word_1_238' title='bbox 266 2582 305 2620; x_wconf 92' lang='lat'><strong><em>3.</em></strong></span> <span class='ocrx_word' id='word_1_239' title='bbox 341 2577 408 2635; x_wconf 90' lang='grc' dir='ltr'><strong><em>Σ]</em></strong></span> <span class='ocrx_word' id='word_1_240' title='bbox 443 2590 529 2621; x_wconf 89' lang='lat' dir='ltr'><strong><em>om.</em></strong></span> <span class='ocrx_word' id='word_1_241' title='bbox 563 2591 605 2620; x_wconf 84' lang='lat' dir='ltr'><strong><em>v.</em></strong></span> <span class='ocrx_word' id='word_1_242' title='bbox 745 2580 783 2619; x_wconf 83' lang='lat'><strong><em>5.</em></strong></span> <span class='ocrx_word' id='word_1_243' title='bbox 818 2576 877 2634; x_wconf 87' lang='grc' dir='ltr'><strong><em>Λ]</em></strong></span> <span class='ocrx_word' id='word_1_244' title='bbox 915 2589 1028 2621; x_wconf 85' lang='lat' dir='ltr'>corr.</span> <span class='ocrx_word' id='word_1_245' title='bbox 1063 2589 1120 2619; x_wconf 83' lang='lat' dir='ltr'><strong><em>ex</em></strong></span> <span class='ocrx_word' id='word_1_246' title='bbox 1151 2579 1194 2620; x_wconf 85' lang='lat' dir='ltr'><em>A</em></span> <span class='ocrx_word' id='word_1_247' title='bbox 1231 2591 1290 2620; x_wconf 92' lang='lat' dir='ltr'><strong><em>m.</em></strong></span> <span class='ocrx_word' id='word_1_248' title='bbox 1325 2581 1350 2619; x_wconf 83' lang='lat'>2</span> <span class='ocrx_word' id='word_1_249' title='bbox 1382 2575 1437 2619; x_wconf 90' lang='lat' dir='ltr'><strong><em>V.</em></strong></span> <span class='ocrx_word' id='word_1_250' title='bbox 1576 2580 1615 2621; x_wconf 89' lang='lat'><strong><em>9.</em></strong></span> <span class='ocrx_word' id='word_1_251' title='bbox 1649 2580 1710 2635; x_wconf 80' lang='grc' dir='ltr'><strong><em>τῷ</em></strong></span> <span class='ocrx_word' id='word_1_252' title='bbox 1736 2574 1882 2637; x_wconf 83' lang='lat' dir='ltr'>(sec.)]</span> 
     </span>
     <span class='ocr_line' id='line_1_31' title="bbox 203 2633 1884 2695; baseline 0.001 -17"><span class='ocrx_word' id='word_1_253' title='bbox 203 2635 254 2680; x_wconf 90' lang='grc' dir='ltr'><strong><em>τό</em></strong></span> <span class='ocrx_word' id='word_1_254' title='bbox 286 2650 328 2680; x_wconf 84' lang='lat' dir='ltr'><strong><em>v.</em></strong></span> <span class='ocrx_word' id='word_1_255' title='bbox 472 2639 534 2694; x_wconf 84' lang='grc' dir='ltr'><strong><em>τῷ</em></strong></span> <span class='ocrx_word' id='word_1_256' title='bbox 559 2635 727 2693; x_wconf 72' lang='lat' dir='ltr'>(tert.)]</span> <span class='ocrx_word' id='word_1_257' title='bbox 765 2633 819 2680; x_wconf 86' lang='grc' dir='ltr'><strong><em>τό</em></strong></span> <span class='ocrx_word' id='word_1_258' title='bbox 850 2650 940 2691; x_wconf 83' lang='lat' dir='ltr'><strong><em>pv,</em></strong></span> <span class='ocrx_word' id='word_1_259' title='bbox 981 2637 1028 2679; x_wconf 74' lang='lat' dir='ltr'><strong><em>et</em></strong></span> <span class='ocrx_word' id='word_1_260' title='bbox 1059 2635 1114 2691; x_wconf 92' lang='lat' dir='ltr'><strong><em>V,</em></strong></span> <span class='ocrx_word' id='word_1_261' title='bbox 1163 2649 1277 2680; x_wconf 80' lang='lat' dir='ltr'>corr.</span> <span class='ocrx_word' id='word_1_262' title='bbox 1310 2649 1370 2679; x_wconf 87' lang='lat' dir='ltr'><strong><em>m.</em></strong></span> <span class='ocrx_word' id='word_1_263' title='bbox 1403 2647 1492 2679; x_wconf 80' lang='lat' dir='ltr'><strong>rec,</strong></span> <span class='ocrx_word' id='word_1_264' title='bbox 1640 2639 1708 2680; x_wconf 90' lang='lat'><strong><em>10.</em></strong></span> <span class='ocrx_word' id='word_1_265' title='bbox 1751 2639 1814 2695; x_wconf 82' lang='grc' dir='ltr'><strong><em>τῷ</em></strong></span> <span class='ocrx_word' id='word_1_266' title='bbox 1845 2638 1884 2687; x_wconf 64' lang='lat' dir='ltr'>J</span> 
     </span>
     <span class='ocr_line' id='line_1_32' title="bbox 204 2693 1835 2770; baseline 0.001 -32"><span class='ocrx_word' id='word_1_267' title='bbox 204 2695 286 2770; x_wconf 76' lang='grc' dir='ltr'><strong><em>τῷ]</em></strong></span> <span class='ocrx_word' id='word_1_268' title='bbox 318 2694 369 2739; x_wconf 89' lang='grc' dir='ltr'><strong><em>τὸ</em></strong></span> <span class='ocrx_word' id='word_1_269' title='bbox 402 2699 443 2738; x_wconf 90' lang='grc' dir='ltr'><em>Λ</em></span> <span class='ocrx_word' id='word_1_270' title='bbox 472 2694 524 2739; x_wconf 89' lang='grc' dir='ltr'><strong><em>τό</em></strong></span> <span class='ocrx_word' id='word_1_271' title='bbox 556 2710 598 2739; x_wconf 89' lang='lat' dir='ltr'><strong><em>v.</em></strong></span> <span class='ocrx_word' id='word_1_272' title='bbox 734 2698 797 2753; x_wconf 84' lang='grc' dir='ltr'><strong><em>τῷ</em></strong></span> <span class='ocrx_word' id='word_1_273' title='bbox 821 2695 981 2753; x_wconf 71' lang='lat' dir='ltr'>(tert.)]</span> <span class='ocrx_word' id='word_1_274' title='bbox 1021 2693 1072 2738; x_wconf 87' lang='grc' dir='ltr'><strong><em>τό</em></strong></span> <span class='ocrx_word' id='word_1_275' title='bbox 1104 2709 1185 2751; x_wconf 83' lang='lat' dir='ltr'><strong><em>pv.</em></strong></span> <span class='ocrx_word' id='word_1_276' title='bbox 1324 2698 1393 2737; x_wconf 90' lang='lat'><strong><em>11.</em></strong></span> <span class='ocrx_word' id='word_1_277' title='bbox 1433 2694 1514 2753; x_wconf 85' lang='grc' dir='ltr'><strong><em>τῷ]</em></strong></span> <span class='ocrx_word' id='word_1_278' title='bbox 1546 2693 1598 2738; x_wconf 88' lang='grc' dir='ltr'><strong><em>τό</em></strong></span> <span class='ocrx_word' id='word_1_279' title='bbox 1629 2709 1671 2739; x_wconf 86' lang='lat' dir='ltr'><strong><em>v.</em></strong></span> <span class='ocrx_word' id='word_1_280' title='bbox 1809 2709 1835 2738; x_wconf 94' lang='grc' dir='ltr'><strong><em>σ</em></strong></span> 
     </span>
    </p>

    <p class='ocr_par' dir='ltr' id='par_1_15' title="bbox 205 2710 1893 2873">
     <span class='ocr_line' id='line_1_33' title="bbox 205 2710 1893 2811; baseline 0.001 -14"><span class='ocrx_word' id='word_1_281' title='bbox 205 2769 337 2810; x_wconf 87' lang='grc' dir='ltr'><strong><em>μειου</em></strong></span> <span class='ocrx_word' id='word_1_282' title='bbox 369 2769 419 2810; x_wconf 85' lang='lat' dir='ltr'><strong><em>v,</em></strong></span> <span class='ocrx_word' id='word_1_283' title='bbox 460 2756 507 2797; x_wconf 74' lang='lat' dir='ltr'><strong><em>et</em></strong></span> <span class='ocrx_word' id='word_1_284' title='bbox 537 2754 592 2810; x_wconf 89' lang='lat' dir='ltr'><strong><em>V,</em></strong></span> <span class='ocrx_word' id='word_1_285' title='bbox 635 2753 715 2797; x_wconf 78' lang='lat' dir='ltr'>sed.</span> <span class='ocrx_word' id='word_1_286' title='bbox 747 2766 860 2798; x_wconf 81' lang='lat' dir='ltr'>corr,</span> <span class='ocrx_word' id='word_1_287' title='bbox 1000 2753 1143 2804; x_wconf 84' lang='grc' dir='ltr'><strong><em>ὅντως</em></strong></span> <span class='ocrx_word' id='word_1_288' title='bbox 1174 2769 1216 2798; x_wconf 79' lang='lat' dir='ltr'><strong><em>V.</em></strong></span> <span class='ocrx_word' id='word_1_289' title='bbox 1363 2757 1432 2797; x_wconf 81' lang='lat'><strong><em>12.</em></strong></span> <span class='ocrx_word' id='word_1_290' title='bbox 1475 2751 1676 2798; x_wconf 78' lang='grc' dir='ltr'><strong><em>ἐλάσσων</em></strong></span> <span class='ocrx_word' id='word_1_291' title='bbox 1708 2754 1762 2811; x_wconf 88' lang='lat' dir='ltr'><strong><em>V,</em></strong></span> <span class='ocrx_word' id='word_1_292' title='bbox 1805 2710 1893 2799; x_wconf 57' lang='grc' dir='ltr'><strong><em>θές,</em></strong></span> 
     </span>
     <span class='ocr_line' id='line_1_34' title="bbox 206 2811 1882 2873; baseline 0 -17"><span class='ocrx_word' id='word_1_293' title='bbox 206 2827 322 2860; x_wconf 82' lang='lat' dir='ltr'>corr.</span> <span class='ocrx_word' id='word_1_294' title='bbox 445 2817 512 2857; x_wconf 85' lang='lat'><strong><em>15.</em></strong></span> <span class='ocrx_word' id='word_1_295' title='bbox 547 2813 640 2857; x_wconf 81' lang='grc' dir='ltr'><strong><em>ἀπὸ</em></strong></span> <span class='ocrx_word' id='word_1_296' title='bbox 672 2819 755 2857; x_wconf 83' lang='grc' dir='ltr'><strong><em>τοῦ</em></strong></span> <span class='ocrx_word' id='word_1_297' title='bbox 787 2811 1000 2871; x_wconf 82' lang='grc' dir='ltr'><strong><em>κέντρου]</em></strong></span> <span class='ocrx_word' id='word_1_298' title='bbox 1034 2812 1084 2856; x_wconf 87' lang='lat' dir='ltr'><strong><em>in</em></strong></span> <span class='ocrx_word' id='word_1_299' title='bbox 1107 2827 1196 2857; x_wconf 78' lang='lat' dir='ltr'><strong>ras,</strong></span> <span class='ocrx_word' id='word_1_300' title='bbox 1222 2827 1282 2856; x_wconf 90' lang='lat' dir='ltr'><strong><em>m.</em></strong></span> <span class='ocrx_word' id='word_1_301' title='bbox 1311 2816 1333 2855; x_wconf 95' lang='lat'>1</span> <span class='ocrx_word' id='word_1_302' title='bbox 1366 2812 1421 2856; x_wconf 93' lang='lat' dir='ltr'><strong><em>V.</em></strong></span> <span class='ocrx_word' id='word_1_303' title='bbox 1545 2818 1614 2858; x_wconf 88' lang='grc'><strong><em>19.</em></strong></span> <span class='ocrx_word' id='word_1_304' title='bbox 1647 2814 1729 2873; x_wconf 83' lang='grc' dir='ltr'><strong><em>τῷ]</em></strong></span> <span class='ocrx_word' id='word_1_305' title='bbox 1760 2812 1810 2857; x_wconf 88' lang='grc' dir='ltr'><strong><em>τό</em></strong></span> <span class='ocrx_word' id='word_1_306' title='bbox 1841 2824 1882 2857; x_wconf 78' lang='lat' dir='ltr'><strong><em>v.</em></strong></span> 
     </span>
    </p>

    <p class='ocr_par' dir='ltr' id='par_1_16' title="bbox 205 2869 1891 2977">
     <span class='ocr_line' id='line_1_35' title="bbox 264 2869 1891 2931; baseline 0 -15"><span class='ocrx_word' id='word_1_307' title='bbox 264 2877 334 2916; x_wconf 80' lang='lat'><strong><em>20.</em></strong></span> <span class='ocrx_word' id='word_1_308' title='bbox 369 2873 470 2931; x_wconf 87' lang='grc' dir='ltr'><strong><em>τοῦ]</em></strong></span> <span class='ocrx_word' id='word_1_309' title='bbox 505 2886 591 2917; x_wconf 89' lang='lat' dir='ltr'><strong><em>om.</em></strong></span> <span class='ocrx_word' id='word_1_310' title='bbox 625 2887 669 2928; x_wconf 88' lang='lat' dir='ltr'><strong><em>p.</em></strong></span> <span class='ocrx_word' id='word_1_311' title='bbox 816 2877 883 2917; x_wconf 81' lang='lat'><strong><em>23.</em></strong></span> <span class='ocrx_word' id='word_1_312' title='bbox 926 2874 1046 2916; x_wconf 73' lang='lat' dir='ltr'><strong><em>Ante</em></strong></span> <span class='ocrx_word' id='word_1_313' title='bbox 1080 2876 1172 2916; x_wconf 86' lang='grc' dir='ltr'><strong><em>ΒΚ</em></strong></span> <span class='ocrx_word' id='word_1_314' title='bbox 1193 2871 1309 2929; x_wconf 76' lang='lat' dir='ltr'>(alt.)</span> <span class='ocrx_word' id='word_1_315' title='bbox 1344 2885 1457 2916; x_wconf 81' lang='lat' dir='ltr'><strong>eras,</strong></span> <span class='ocrx_word' id='word_1_316' title='bbox 1495 2875 1538 2915; x_wconf 91' lang='grc' dir='ltr'><em>Γ</em></span> <span class='ocrx_word' id='word_1_317' title='bbox 1562 2872 1616 2917; x_wconf 90' lang='lat' dir='ltr'><strong><em>V.</em></strong></span> <span class='ocrx_word' id='word_1_318' title='bbox 1761 2869 1891 2931; x_wconf 74' lang='lat' dir='ltr'><strong><em>KP]</em></strong></span> 
     </span>
     <span class='ocr_line' id='line_1_36' title="bbox 205 2931 1869 2977; baseline 0.002 -3"><span class='ocrx_word' id='word_1_319' title='bbox 205 2944 318 2976; x_wconf 83' lang='lat' dir='ltr'>corr.</span> <span class='ocrx_word' id='word_1_320' title='bbox 354 2945 410 2975; x_wconf 81' lang='lat' dir='ltr'><strong><em>ex</em></strong></span> <span class='ocrx_word' id='word_1_321' title='bbox 442 2935 535 2976; x_wconf 84' lang='lat' dir='ltr'><strong><em>KA</em></strong></span> <span class='ocrx_word' id='word_1_322' title='bbox 565 2947 624 2976; x_wconf 88' lang='lat' dir='ltr'><strong><em>m.</em></strong></span> <span class='ocrx_word' id='word_1_323' title='bbox 658 2944 746 2976; x_wconf 77' lang='lat' dir='ltr'>rec,</span> <span class='ocrx_word' id='word_1_324' title='bbox 780 2931 836 2977; x_wconf 91' lang='lat' dir='ltr'><strong><em>V.</em></strong></span> <span class='ocrx_word' id='word_1_325' title='bbox 1867 2956 1869 2958; x_wconf 32' lang='lat' dir='ltr'>v</span> 
     </span>
    </p>
   </div>
  </div>
 </body>
</html>
