1904 3184
233 81 339 134 176
581 48 932 125 οΡΤΙοοΒοΜ
962 83 1259 128 ΒΕοΕΝεΙο
1291 86 1569 130 THEONIS.

230 203 438 256 οὐκοῦν
492 202 618 255 σκιὰ
672 204 824 256 ἔσται
868 202 902 271 ἡ
952 206 1066 257 ΓΔ.
1154 206 1354 274 ἔλαβον
1409 207 1479 275 δή
1532 227 1585 261 τι
1639 209 1904 279 γνώριμοι

228 291 464 363 μέγεθος
516 294 579 346 τὸ
634 294 743 345 ΚΖ
797 290 890 345 καὶ
944 292 1221 364 ἐνήρμοσα
1273 294 1383 348 ὑπὸ
1444 297 1547 366 τὴν
1599 302 1655 350 A
1714 302 1904 366 γωνίαι

197 382 585 453 ·παροίλληλον
667 391 734 453 τῇ
810 385 937 435 ΒΓ.
1056 383 1265 436 οὐκοῦν

229 473 404 540 ἐστιν,
460 472 534 535 ὡς
583 472 645 525 τὸ
693 474 814 524 ΔΓ
851 472 991 542 πρὸς
1035 473 1096 525 τὸ
1146 475 1265 540 ΓΒ,

169 575 196 614 5
228 562 405 624 οὕτως
442 562 504 615 τὸ
546 566 658 614 AZ
696 562 835 632 πρὸς
873 562 935 614 τὸ
979 563 1101 614 ΖΚ.
1174 559 1265 613 καὶ
1574 591 1638 636 K

228 652 508 721 γνώριμος
537 651 567 705 6
600 654 764 719 λόγος
794 651 823 705 6
854 658 951 720 τῆς
982 656 1038 704 A
1050 654 1094 703 Z
1128 651 1268 720 πρὸς

232 745 363 795 ΖΚ·
433 741 712 811 γνώριμος
767 741 875 810 ἄρα
927 737 1019 792 καὶ
1082 739 1111 793 6
1170 748 1266 808 τῆς

227 834 347 885 ΔΓ
382 832 522 902 πρὸς
565 833 680 884 ΓΒ.
764 832 862 882 καί
904 829 1018 882 ἐστι
1064 830 1264 898 γνώρι-

228 941 329 990 μος
378 921 412 990 ἡ
459 923 587 974 ΔΓ
635 920 784 973 σκιά·
843 920 1126 990 γνώριμον
1180 922 1287 990 ἄρα
1344 919 1435 973 καὶ
1489 922 1551 974 τὸ
1606 924 1714 974 ΓΒ
1764 921 1904 985 ὕψος

1339 434 1423 478 ’Β

1361 793 1420 834 Γ
1571 691 1623 843 ἒι
1865 791 1904 843 Δ

140 1129 196 1169 10
1027 1113 1127 1167 ιθ’.

339 1221 438 1289 Μὴ
493 1220 654 1282 ὄντος
703 1217 864 1287 ἡλίου
918 1219 980 1272 τὸ
1032 1215 1206 1271 δοθὲν
1252 1218 1395 1283 ὕψος
1440 1227 1674 1288 γνῶναι,
1728 1219 1904 1289 ἡλίκο1

227 1307 390 1361 ἐστίν.

338 1399 474 1450 ἔστω
521 1397 651 1466 γάρ,
700 1396 729 1450 ὃ
777 1398 866 1450 δεῖ
909 1396 1208 1466 ἐπιγνῶναι
1254 1397 1426 1465 ὕψος,
1471 1399 1706 1466 πηλίκον
1754 1396 1904 1451 ἐστίν

225 1487 286 1538 τὸ
335 1488 457 1555 ΒΓ,
495 1484 587 1539 καὶ
625 1488 834 1540 κείσθω
873 1485 1183 1557 κάτοπτρον
1222 1486 1284 1539 τὸ
1325 1488 1458 1555 ΚΑ,
1497 1487 1643 1555 ὄμμα
1682 1483 1742 1539 δὲ
1781 1488 1904 1543 ἔστα

140 1588 194 1627 15
225 1575 286 1628 τὸ
327 1580 406 1645 Δ,
460 1573 552 1629 καὶ
600 1573 693 1629 ἀπ’
736 1575 910 1629 αὐτοῦ
955 1574 1338 1646 προσπιπτέτω
1389 1573 1541 1638 ἀκτὶς
1584 1574 1618 1643 ἡ
1666 1580 1722 1628 A
1734 1579 1782 1629 Θ
1826 1572 1904 1631 καὶ

224 1663 620 1719 ἀνακεκλάσθω
655 1665 730 1728 ὡς
760 1664 793 1733 ἡ
823 1668 926 1718 ΘΒ
967 1663 1147 1718 ἐπὶτὸ
1172 1668 1218 1717 Β
1250 1663 1436 1736 πέρας,
1475 1663 1567 1718 καὶ
1600 1664 1706 1719 ἀπὸ
1738 1673 1838 1719 τοῦ
1863 1676 1904 1743 A

222 1754 464 1823 ὄμματος
508 1754 744 1818 κάθετος
789 1753 822 1823 ἡ
862 1759 916 1807 A
928 1758 987 1807 Z.
1073 1753 1281 1807 οὐκοῦν
1329 1759 1443 1807 ἴσαι
1495 1752 1638 1807 εἰσὶν
1685 1755 1746 1808 αἱ
1779 1755 1904 1826 πρὸς

221 1850 297 1915 τῷ
343 1847 390 1895 Θ
435 1846 633 1912 γωνίαι
680 1843 963 1912 ἀλλήλαις·
1019 1852 1183 1897 τοῦτο
1232 1844 1338 1915 γὰρ
1379 1843 1661 1897 δείκνυται
1701 1843 1762 1897 ἐν
1801 1824 1904 1911 vols!

221 1923 637 2005 Κατοπτρικοῖς.
707 1932 846 1987 ἀλλὰ
885 1930 976 1986 καὶ
1016 1933 1050 2003 ἡ
1089 1934 1228 2005 πρὸς
1265 1941 1340 2006 τῷ
1376 1936 1430 1987 Γ
1468 1943 1533 2005 τῇ
1571 1934 1710 2005 πρὸς
1748 1941 1823 2006 τῷ
1866 1934 1904 1990 Ζ

133 2033 190 2073 20
223 2025 313 2089 ἴση
346 2020 518 2075 ἐστίν·
558 2022 704 2093 ὀρθὴ
743 2043 849 2094 γαρ
890 2022 1041 2076 ἐστιν
1072 2020 1298 2093 ἑκατέρα
1337 2022 1538 2076 αὐτῶν.
1601 2024 1763 2093 λοιπὴ
1803 2019 1904 2108 ἄρά

219 2109 252 2178 ἡ
291 2112 430 2181 πρὸς
467 2120 542 2184 τῷ
582 2115 630 2164 Β
677 2116 841 2183 λοιπῇ
887 2121 952 2183 τῇ
999 2114 1138 2182 πρὸς
1186 2120 1262 2185 τῷ
1301 2102 1356 2165 A
1404 2117 1494 2181 ἴση
1539 2111 1702 2166 ἐστίν.
1773 2112 1904 2168 &ovd

220 2199 414 2269 ὅμοιον
452 2199 522 2253 ἂν
560 2205 644 2270 εἴη
683 2202 745 2254 τὸ
784 2203 950 2254 ΒΓΘ
994 2203 1270 2272 τρίγωνον
1308 2209 1383 2274 τῷ
1423 2205 1596 2255 ΔΖΘ
1641 2193 1904 2274 τριγώνῳὲ

218 2290 369 2342 ἔστιν
397 2290 521 2360 ἄρα,
553 2289 627 2352 ὡς
657 2288 691 2358 ἡ
728 2292 839 2343 ΘΓ
869 2292 1006 2362 πρὸς
1039 2293 1158 2359 ΓΒ,
1198 2290 1374 2354 οὕτως
1404 2289 1438 2359 ἡ
1475 2294 1579 2343 ΘΖ
1616 2291 1755 2362 πρὸς
1789 2286 1897 2366 ΖΔ

217 2387 313 2447 τῆς
351 2377 411 2432 δὲ
447 2383 550 2432 ΘΖ
587 2381 726 2450 πρὸς
759 2383 867 2432 ZA
905 2381 1068 2447 λόγος
1106 2380 1299 2443 δοθείς
1338 2378 1509 2433 ἐστιν·
1549 2377 1640 2432 καὶ
1671 2387 1767 2449 τῆς
1802 2383 1850 2432 Θ
1891 2432 1893 2437 ,

129 2478 184 2517 25
217 2467 323 2537 ἄρα
361 2469 499 2538 πρὸς
539 2471 639 2521 ΓΒ
689 2469 964 2539 γνώριμος
1010 2468 1039 2523 6
1079 2471 1243 2537 λόγος
1287 2468 1452 2522 ἐστίν.
1530 2469 1806 2539 γνώριμος
1845 2454 1891 2523 0⁴

214 2555 247 2624 ἡ
292 2559 422 2609 ΘΓ·
462 2558 745 2628 γνώριμον
783 2559 890 2629 ἄρα
929 2555 1019 2611 καὶ
1058 2559 1120 2611 τὸ
1164 2560 1266 2611 ΓΒ
1305 2558 1461 2622 ὕψος.

334 2723 373 2763 2.
409 2717 686 2775 ἐνήρμοσται
716 2733 758 2762 v.
882 2718 1005 2763 Ante
1036 2723 1080 2763 A
1118 2718 1225 2762 add.
1258 2718 1375 2774 πρὸς
1405 2721 1468 2777 τῷ
1499 2733 1559 2762 m.
1592 2731 1681 2763 rec.
1714 2718 1768 2762 V.

217 2777 318 2835 ΓΒ]
352 2781 444 2821 ΒΓ
467 2793 512 2834 p.
605 2782 646 2822 8.
681 2777 803 2822 ἐστιν
827 2777 920 2822 Vv.
1015 2782 1054 2822 9.
1086 2776 1212 2822 σκια·
1247 2778 1500 2836 γνώριμον]
1528 2777 1578 2820 in
1601 2792 1690 2822 ras.
1717 2792 1776 2823 m
1799 2782 1821 2820 1
1878 2819 1879 2823 ,

272 2836 386 2879 Posb
426 2835 549 2894 νψος
595 2837 702 2881 add.
742 2836 795 2881 τὸ
835 2836 927 2893 ἄρα
967 2834 1117 2883 δοθὲν
1163 2835 1287 2895 υψος
1329 2836 1552 2894 ἔγνωσται
1590 2836 1738 2882 πόσον
1779 2833 1873 2882 ἐστί

213 2909 271 2939 m
305 2909 394 2939 ree.
427 2896 482 2941 V.
615 2901 681 2941 13.
716 2894 809 2940 ἐστι’
839 2912 883 2953 p.
1018 2901 1082 2941 15.
1118 2897 1267 2954 Supra
1299 2899 1394 2942 ΔΘ
1426 2896 1532 2941 add.
1566 2900 1629 2955 τῷ
1660 2895 1874 2955 κατόπτρΙ
