1904 3184
166 47 272 100 178
514 47 864 91 OPTICORUM
893 47 1192 90 RECENSIO
1224 47 1501 91 THEONIS.

972 216 1004 249 κ
1030 239 1041 249 .

282 287 362 339 Τὸ
403 282 577 339 δοθὲν
614 286 793 355 βάθος
832 285 1155 354 ἐπιγνῶναι,
1194 287 1428 353 πηλίκον
1469 284 1631 338 ἐστίν.

274 378 410 428 ἔστω
443 375 549 446 γὰρ
577 375 639 428 τὸ
664 374 859 443 βάθος,
891 373 921 427 ὃ
953 375 1042 427 δεῖ
1070 374 1386 442 ἐπιγνῶναι,
1416 376 1649 443 πηλίκον
1682 373 1848 442 ἐστίν,

161 465 223 518 τὸ
255 467 382 533 ΚΒ,
420 461 513 516 καὶ
541 465 749 516 κείσθω
781 464 927 532 ὄμμα
957 464 1019 516 τὸ
1050 467 1122 531 Λ,
1160 461 1253 516 καὶ
1282 460 1663 533 προσπιπτέτω
1695 461 1850 526 ἀκτὶς

103 563 130 603 5
161 552 195 621 ἡ
243 555 418 606 ΔΛΚ
467 553 546 614 εἰς
598 552 660 605 τὸ
714 551 918 620 βάθος,
970 550 1062 604 καὶ
1115 553 1273 621 ἤχθω

161 641 266 695 άπὸ
320 648 421 694 τοῦ
467 645 523 694 Δ
566 641 715 710 παρὰ
770 641 874 709 τὴν
916 643 1031 694 ΒΚ
1073 640 1108 709 ἡ
1147 645 1272 694 ΔΖ.
1787 632 1834 685 Δ

160 728 276 784 ἐπεὶ
302 729 650 801 παράλληλός
674 728 824 783 ἐστιν
853 728 887 798 ἡ
911 732 1028 782 ΒΚ
1056 738 1122 800 τῇ
1146 734 1273 798 ΔΖ,

158 817 251 872 καὶ
290 817 636 889 ἐμπέπτωκεν
674 817 707 886 ἡ
740 820 873 886 ΔΚ,
911 818 1008 880 τὰς
1043 817 1272 882 ἐναλλὰξ
1365 835 1419 882 Β
1616 829 1663 878 Λ

159 910 364 976 γωνίας
409 908 506 970 τὰς
550 906 659 960 ὑπὸ
698 909 894 974 ΒΚΛ,
935 910 1049 960 ΛΔ
1061 911 1106 960 Ζ
1152 913 1273 971 ἴσας

72 1007 126 1048 10
159 996 421 1066 ἀλλήλαις
451 1005 612 1050 ποιεῖ.
674 994 781 1048 εἰσὶ
820 993 880 1049 δὲ
918 994 1011 1048 καὶ
1048 996 1112 1049 αἱ
1135 998 1272 1050 κατὰ

156 1087 414 1158 κορυφὴν
459 1086 522 1138 αἱ
562 1085 701 1155 πρὸς
738 1092 814 1157 τῷ
855 1087 908 1137 Λ
954 1089 1069 1138 ἴσαι
1107 1084 1271 1154 ἀλλή-

157 1180 300 1238 λαις·
360 1173 453 1228 καὶ
507 1173 541 1242 ἡ
600 1174 763 1242 λοιπὴ
817 1174 924 1243 ἄρα
977 1176 1153 1241 γωνία
1205 1183 1269 1245 τῇ

155 1268 320 1334 λοιπῇ
353 1269 443 1333 ἴση
476 1263 640 1318 ἐστίν.
696 1263 991 1331 ἰσογώνιον
1022 1264 1129 1332 ἄρα
1154 1261 1266 1316 ἐστὶ

154 1354 216 1407 τὸ
264 1355 436 1406 ΒΚΛ
487 1356 762 1423 τρίγωνον
807 1360 883 1424 τῷ
927 1354 1099 1404 ΛΔΖ
1152 1371 1266 1422 τρι·
1352 1392 1414 1436 K
1640 1399 1704 1442 Γ

66 1453 122 1493 15
154 1443 332 1515 γώνῳ.
425 1444 574 1496 ἔστιν
613 1443 743 1513 ἄρα,
790 1441 864 1505 ὡς
902 1439 935 1509 ἡ
976 1444 1083 1493 ΛΖ
1128 1442 1267 1511 πρὸς
1900 1501 1904 1508 ¹

156 1535 283 1601 ZA,
321 1530 355 1600 ἡ
389 1535 497 1585 ΛΒ
535 1532 674 1602 πρὸς
703 1533 828 1583 ΒΚ.
899 1527 1090 1592 δοθεὶς
1128 1526 1189 1583 δὲ
1228 1530 1257 1584 ὁ
1290 1539 1385 1600 τῆς
1418 1535 1524 1585 ΛΖ
1563 1534 1700 1603 πρὸς
1734 1535 1844 1584 ΖΔ

154 1623 339 1689 λόγος·
384 1619 574 1684 δοθεὶς
605 1622 712 1691 ἄρα
741 1618 834 1673 καὶ
866 1619 895 1673 ὁ
927 1626 1024 1688 τῆς
1055 1621 1164 1672 ΛΒ
1195 1621 1333 1691 πρὸς
1364 1624 1478 1674 ΒΚ
1512 1623 1689 1689 λόγος.
1750 1623 1846 1674 καί
1899 1636 1904 1646 ·

154 1710 268 1764 ἐστι
308 1711 539 1764 δοθεῖσα
578 1708 612 1777 ἡ
653 1712 783 1762 ΛΒ·
831 1709 1064 1762 δοθεῖσα
1102 1710 1209 1779 ἄρα
1246 1708 1338 1762 καὶ
1376 1709 1410 1778 ἡ
1449 1712 1572 1763 ΒΚ.

1779 879 1818 922 Ζ

942 1891 1011 1924 κα
1035 1912 1048 1925 .

63 1971 121 2012 20
272 1962 352 2014 Τὸ
394 1957 567 2014 δοθὲν
605 1968 776 2029 μῆκος
815 1959 1139 2029 ἐπιγνῶναι,
1177 1964 1412 2030 πηλίκον
1451 1960 1615 2014 ἐστίν.

265 2053 400 2103 ἔστω
440 2049 571 2119 γάρ,
618 2048 647 2102 ὃ
688 2049 778 2102 δεῖ
809 2057 980 2118 μῆκος
1018 2049 1342 2119 ἐπιγνῶναι,
1388 2054 1622 2119 πηλίκον
1670 2050 1836 2119 ἐστίν,
1891 2080 1903 2101 ι

152 2141 213 2193 τὸ
245 2142 365 2193 ΒΓ.
441 2141 648 2192 κείσθω
689 2139 757 2207 δὴ
797 2140 943 2208 ὄμμα
982 2139 1043 2192 τὸ
1074 2143 1147 2207 Δ,
1187 2137 1286 2209 ἀφ’
1322 2135 1389 2193 οὗ
1427 2138 1835 2210 προσπιπτέτω-

151 2243 256 2283 σαν
297 2214 511 2291 ἀκτῖνες
547 2229 608 2280 αί
641 2231 777 2296 ΔΒ,
817 2230 944 2296 ΔΓ,
983 2226 1075 2280 καὶ
1114 2227 1220 2281 ἀπὸ
1266 2235 1365 2281 τοῦ
1407 2232 1452 2281 Ζ
1490 2229 1648 2297 ἤχθω
1686 2229 1836 2299 παρὰ
1891 2253 1895 2262 ·

151 2319 251 2387 τὴν
291 2319 403 2370 ΒΓ
438 2316 472 2385 ἡ
515 2319 637 2370 ΖΚ.
715 2317 922 2370 οὐκοῦν
962 2315 1136 2386 ἐστιν,
1184 2316 1258 2379 ὡς
1296 2317 1329 2386 ἡ
1372 2320 1484 2369 ΖΚ
1524 2318 1662 2388 πρὸς
1699 2320 1835 2385 ΚΔ,
1887 2334 1897 2357 »¹

61 2417 116 2457 25
150 2406 184 2475 ἡ
224 2409 338 2459 ΒΓ
372 2407 510 2477 πρὸς
549 2409 666 2459 ΓΔ.
750 2407 1025 2477 γνώριμος
1071 2402 1132 2458 δὲ
1177 2405 1206 2459 ὁ
1253 2414 1348 2475 τῆς
1388 2409 1502 2458 ΖΚ
1540 2407 1679 2477 πρὸς
1716 2409 1833 2458 ΚΔ
1887 2427 1890 2429 ’

150 2498 330 2564 λόγος·
386 2496 663 2566 γνώριμος
708 2497 814 2565 ἄρα
852 2493 943 2548 καὶ
984 2494 1013 2548 ὁ
1052 2503 1148 2564 τῆς
1185 2497 1299 2548 ΒΓ
1339 2496 1476 2565 πρὸς
1517 2498 1617 2548 ΓΔ
1655 2497 1832 2562 λόγος.

148 2583 239 2637 καὶ
279 2585 555 2654 γνώριμος
591 2583 625 2651 ἡ
669 2586 787 2636 ΓΔ·
828 2584 1104 2654 γνώριμος
1142 2585 1249 2654 ἄρα
1287 2581 1378 2636 καὶ
1416 2582 1449 2651 ἡ
1492 2586 1606 2636 ΓΒ.

268 2734 306 2773 3.
350 2727 490 2788 ἐστίν]
531 2727 624 2773 ἐστί
654 2729 747 2786 Vp.
900 2734 940 2773 4.
981 2730 1096 2788 KB]
1136 2743 1248 2774 corr.
1283 2742 1338 2772 ex
1370 2732 1467 2772 ΚΓ
1498 2743 1539 2772 v.
1691 2742 1830 2783 προσ-

148 2787 339 2832 πιπτέτο
370 2803 412 2832 V.
565 2794 603 2833 5.
643 2789 696 2833 τὸ
729 2786 907 2847 βάθος]
947 2791 1060 2833 mut.
1094 2788 1144 2831 in
1182 2789 1232 2832 τὸ
1265 2786 1409 2843 πέρας
1438 2794 1520 2832 τοῦ
1552 2786 1736 2846 βάθους
1766 2803 1826 2831 m.

147 2861 236 2893 ree.
270 2848 324 2892 V.
480 2852 518 2893 6.
568 2849 717 2905 Supra
756 2847 885 2903 παρά
924 2848 1030 2892 add.
1071 2847 1174 2903 ἤτοι
1213 2846 1501 2904 παράλληλος
1544 2862 1603 2891 m.
1643 2859 1731 2891 rec.
1771 2846 1827 2890 V.
1858 2894 1862 2898 ,
