1904 3184
445 30 798 107 omconum
828 62 1128 105 RECENsm
1161 61 1439 104 Tflnoms
1686 57 1792 111 163

93 189 219 255 KZ,
248 187 383 255 KA‚
414 186 549 254 ΚΝ,
579 185 710 253 ΚΛ,
748 185 802 234 et
842 181 1107 234 ducantur
1146 183 1288 251 KM,
1319 180 1451 250 ΚΞ,
1483 183 1606 234 KO.
1682 180 1795 233 iam

97 274 354 344 quoniam
398 292 430 325 a
466 276 670 342 puncto
707 273 765 323 K
798 270 1092 324 eleuatiore
1132 270 1199 323 ad
1231 273 1305 323 M
1335 270 1499 323 dueta
1537 273 1621 322 est
1648 272 1797 349 ,ΚΜ

837 360 903 412 ad
965 363 1092 412 ΜΛ
1166 358 1624 428 perpendicularis
1696 362 1792 411 est.

102 440 156 481 B
289 423 331 466 ⁰
703 426 750 505 A
837 450 1025 502 eodem
1087 449 1248 501 modo
1316 447 1482 501 etiam
1543 450 1601 500 K
1613 446 1663 508 Ξ
1728 448 1795 501 ad

836 541 983 608 HN,
1022 541 1134 591 ΚΟ
1188 541 1371 591 autem
1414 537 1482 590 ad
1521 541 1626 591 BA
1677 556 1796 608 per-

736 678 747 700 ,
834 627 1197 697 pendicularis
1260 630 1358 680 est.
1453 627 1640 697 itaque
1701 626 1795 679 tri-

837 717 1025 787 anguli
1092 719 1309 787 KMA,
1366 716 1571 787 ΚΞΝ,
1624 719 1795 770 ΚΟΔ

836 806 1142 876 rectanguli
1212 810 1351 859 sunt.
1460 809 1543 859 est
1613 809 1794 859 autem

839 896 955 956 ΞΝ
966 921 1036 938 =
1055 899 1174 948 ΜΛ
1198 894 1349 966 (nam
1365 899 1497 949 MN
1511 895 1795 966 parallelo-

839 1003 1144 1056 grammum
1176 983 1297 1056 est).
1353 989 1408 1038 et
1441 984 1552 1046 ΞΚ
1571 994 1627 1045 >
1653 987 1795 1055 ΜΚ,

837 1077 1036 1135 ΚΝ>
1061 1077 1192 1126 ΚΛ.
1269 1075 1453 1145 itaque

1031 1169 1065 1226 A,
1089 1166 1221 1216 MK
1226 1167 1278 1216 A
1301 1173 1356 1224 >
1385 1164 1570 1224 ΞΚΝ.

157 1270 163 1330 5
693 1289 698 1350 3
838 1271 1003 1322 quare
1062 1252 1229 1305 etiam
1283 1257 1411 1306 MA
1471 1252 1646 1306 maior
1709 1253 1797 1306 ad·
1874 1239 1876 1241 .

838 1341 1051 1410 parebit
1121 1360 1283 1410 quam
1346 1342 1397 1403 Ξ
1407 1346 1473 1396 Ν
1530 1342 1662 1409 [def.
1717 1342 1794 1412 4].

99 1428 350 1482 similiter
381 1430 546 1483 etiam
581 1434 710 1483 ZM
739 1431 914 1484 maior
946 1449 1108 1500 quam
1141 1434 1207 1484 Η
1210 1431 1269 1492 Ξ.
1333 1450 1497 1501 quare
1532 1436 1652 1485 tota
1686 1435 1796 1485 ZA

39 1541 45 1544 >
100 1519 273 1572 maior
311 1519 534 1588 adparet
572 1523 691 1572 tota
728 1523 867 1573 HN.
939 1521 1126 1574 eadem
1165 1521 1228 1574 de
1269 1539 1433 1574 causa
1472 1520 1636 1574 etiam
1668 1524 1801 1574 HN

19 1590 22 1688 ζ
99 1607 272 1661 maior
311 1626 474 1678 quam
508 1612 629 1662 BA.
691 1627 820 1679 ergo
863 1610 939 1663 sie
981 1628 1196 1679 quoque
1235 1609 1638 1682 magnitudines
1670 1610 1795 1662 lati-

98 1697 341 1750 tudinem
378 1697 718 1767 inaequalem
755 1699 957 1752 habere
997 1698 1265 1752 uidentur.

906 1880 974 1931 ’7.

213 1963 484 2035 Aequales
523 1966 926 2037 magnitudines
965 1967 1024 2020 in
1062 1968 1248 2021 eadem
1287 1971 1435 2021 recta
1473 1967 1707 2038 positae,
1750 1966 1796 2020 si

20 2083 21 2102 η
100 2053 459 2124 inaequaliter
499 2055 719 2127 distant,
754 2056 1067 2127 inaequales
1107 2058 1382 2127 adparent.

85 2134 90 2138 ⁴
1049 2147 1159 2200 sint
1205 2147 1351 2200 enim
1389 2145 1794 2217 magnitudines

936 2237 1186 2307 aequales
1242 2238 1362 2307 ΒΓ,
1410 2239 1543 2305 ΔΖ,
1607 2234 1793 2288 oculus

255 2286 419 2399 Χ
935 2331 1117 2380 autem
1150 2327 1222 2380 sit
1255 2329 1320 2396 Κ,
1361 2329 1415 2379 et
1455 2325 1522 2377 ab
1556 2323 1712 2377 oculo
1742 2326 1801 2376 K

110 2461 161 2511 Δ
266 2408 576 2506 RQ
936 2416 1188 2470 adcidant
1255 2416 1392 2469 radii
1463 2417 1611 2485 ΚΒ,
1663 2415 1794 2483 ΚΓ,

411 2502 592 2578 *N
634 2545 706 2594 Χ
934 2509 1074 2577 ΚΔ,
1123 2509 1181 2559 Κ
1190 2509 1261 2577 Z3
1323 2504 1556 2576 angulus
1611 2506 1794 2556 autem

120 2598 177 2696 ’2.
408 2595 458 2643 Σ
507 2579 788 2669 χζᾷξξ
935 2598 1100 2649 ΚΖΒ
1134 2599 1314 2649 rectus
1349 2594 1433 2647 sit.
1480 2593 1664 2662 itaque
1690 2591 1795 2646 erit

1283 2688 1341 2737 Σ
1360 2695 1414 2743 >
1446 2686 1511 2736 Φ.

105 2787 267 2843 quare
314 2777 478 2830 etiam
523 2781 580 2830 Δ
591 2781 635 2830 Ζ
690 2776 864 2829 maior
915 2774 1196 2845 adparebit
1222 2690 1405 2842 Aquam
1455 2774 1569 2825 ΓΒ.
1663 2788 1793 2841 ergo

103 2864 502 2934 magnitudines
544 2869 591 2919 B
605 2869 664 2939 Γ,
696 2871 750 2919 Δ
763 2869 807 2918 Ζ
847 2863 1155 2934 inaequales
1197 2862 1470 2933 adparent.

1439 2954 1459 2992 1
1469 2954 1491 2991 1
1505 2948 1525 2971 *
