1904 3184
772 63 1159 107 CATOPTRIOA.
1695 59 1804 114 299

28 119 48 147 .„

28 148 51 285 β
86 191 295 258 '-[prop.
330 186 400 253 1].
489 184 676 254 itaque
721 183 910 253 etiam,
962 181 1055 252 qui
1104 181 1452 252 relinquitur,
1508 187 1542 244 L
1569 186 1616 235 Ο
1643 208 1709 225 =
1735 186 1808 235 Π.

35 259 54 353 ζ
120 294 285 348 quare
323 280 359 338 L
383 278 514 335 P>
541 277 589 326 Ο
635 269 787 344 (nam
826 271 1081 341 quoniam
1128 277 1162 334 L
1187 275 1318 333 P>
1342 275 1423 342 H,
1470 270 1669 341 quippe
1717 271 1809 340 qui

35 355 50 436 Ξ
76 355 93 410 ‘s
120 365 453 422 extrinsecus
516 361 728 433 positus
791 361 891 431 sit,
958 365 1013 414 et
1074 367 1108 423 L
1141 365 1204 414 H
1231 387 1302 405 =
1337 365 1411 432 Ο,
1479 361 1584 414 erit
1644 359 1809 413 etiam

36 443 50 475 ⁹
861 455 895 512 L
920 453 971 502 P
994 458 1051 511 >
1077 447 1172 521 Ο).
1253 449 1554 504 eommunis
1594 449 1808 503 adiicia-

858 543 950 592 tur
1000 544 1034 601 L
1069 542 1242 592 OPZ.
1342 557 1470 610 ergo
1528 541 1652 610 PZ,
1691 542 1818 592 AH

860 629 927 681 ad
979 631 1061 698 Η,
1109 631 1155 680 Ζ
1220 647 1409 682 uersus
1473 630 1808 682 concurrent.

856 717 1002 770 idem
1042 720 1224 770 autem
1261 718 1380 789 fiet,
1418 699 1596 771 etiam·
1615 711 1670 770 si
1734 723 1736 726 ’

1157 811 1271 860 ΑΘ
1301 817 1356 867 >
1391 809 1445 860 Γ
1444 810 1503 860 Κ
1508 829 1520 877 3

860 915 988 950 nam
1050 894 1705 963 LA÷M>N÷E
1755 898 1811 948 et

862 989 1059 1048 LII>
1087 989 1158 1056 Ο,
1207 989 1427 1046 Ρ>Ο.
1505 984 1589 1037 sin

1158 1079 1212 1127 A
1226 1078 1274 1127 Θ
1298 1083 1354 1134 <
1380 1077 1509 1144 ΓΚ,

862 1164 1049 1218 eadem
1088 1165 1152 1217 de
1185 1181 1347 1218 causa
1385 1163 1489 1216 erit
1526 1168 1560 1225 L
1587 1166 1634 1216 Ο
1658 1173 1714 1222 >
1740 1166 1812 1216 Π.

36 1306 39 1318 ,
126 1293 131 1296 -
861 1273 1052 1307 uerum
1091 1259 1126 1316 L
1151 1257 1201 1306 P
1225 1263 1280 1314 >
1307 1256 1376 1305 H.
1451 1252 1636 1321 itaque
1673 1241 1813 1304 nihil
1888 1247 1890 1250 ’

36 1342 38 1346 ⁴
91 1349 102 1380 '·
137 1341 324 1411 ubstat‚
347 1359 456 1412 quo
479 1341 659 1396 minus
684 1341 758 1395 sit
782 1348 815 1406 L
835 1347 958 1396 P=
977 1347 1024 1396 O
1047 1342 1137 1396 uel
1161 1347 1273 1402 P<
1289 1346 1350 1412 Ο,
1372 1342 1453 1394 ita
1471 1345 1534 1394 ut
1557 1343 1692 1411 ΛΗ,
1710 1343 1812 1394 ΓΖ

115 1436 236 1484 -non
280 1435 618 1485 concurrant.
704 1432 1053 1486 manifestum
1104 1435 1188 1485 est
1235 1435 1439 1502 autem,
1493 1431 1607 1484 siue
1655 1448 1811 1484 arcus

34 1546 42 1595 μ
103 1511 240 1575 ’ΛΘ
277 1539 404 1574 arou
443 1524 557 1574 ΓΚ
597 1522 771 1575 maior
811 1522 884 1575 sit
923 1522 1038 1575 siue
1078 1521 1318 1591 aequalis
1328 1565 1342 1591 ,
1386 1523 1670 1590 punctum,
1717 1518 1813 1572 ubi

89 1664 98 1677 ‚f
124 1609 261 1664 radii
316 1611 537 1664 refracti
593 1615 940 1682 concurrant,
999 1629 1174 1681 neque
1235 1611 1294 1664 in
1354 1609 1565 1663 ambitu
1626 1608 1813 1662 circuli

35 1741 41 1779 3
118 1717 295 1770 :neque
334 1704 486 1754 extra
524 1719 648 1755 eum
684 1701 817 1772 fore,
857 1702 952 1755 sed
987 1701 1135 1754 intra
1172 1704 1401 1754 tantum.

336 1216 406 1257 K
619 1163 675 1210 Θ

949 1882 995 1934 7.

6 1997 43 2062 [τ’
124 1953 131 1958 ⁴
234 1982 569 2038 Altitudines
603 1988 659 2038 et
690 1982 1090 2054 profunditates
1129 1983 1188 2035 in
1227 1982 1459 2052 speculis
1489 1980 1667 2051 planis
1700 1997 1813 2034 sur·

6 2066 8 2079 ’
614 2093 673 2138 Β
831 2092 952 2126 sum
991 2073 1244 2126 deorsum
1274 2089 1463 2125 uersae
1495 2070 1768 2139 adparent.

943 2175 1016 2229 sit
1069 2175 1301 2229 altitudo
1349 2179 1402 2228 A
1411 2179 1482 2244 E,
1536 2172 1814 2243 speculum

831 2269 1015 2319 autem
1037 2265 1260 2335 planum
1278 2266 1400 2334 AA,
1425 2262 1814 2316 oculusautem

831 2358 903 2426 Β,
957 2358 1012 2408 et
1057 2354 1194 2407 radii
1234 2355 1352 2423 ΒΓ,
1387 2355 1492 2405 ΒΔ
1547 2352 1614 2405 ad
1659 2354 1730 2416 E,
1762 2353 1821 2405 K

33 2475 68 2506 ε
189 2425 450 2724 (P
692 2431 745 2482 Λ
831 2443 1064 2497 refracti.
1163 2436 1361 2513 itaque
1403 2440 1568 2494 radiis
1627 2439 1687 2493 in
1740 2440 1815 2493 di-

16 2538 36 2593 ἵ
417 2602 421 2605 p
832 2536 1044 2587 rectum
1103 2531 1382 2603 productis
1441 2534 1493 2584 E
1552 2532 1815 2600 punctum

76 2620 99 2664 '⁷⁴
130 2660 136 2667 ·
834 2622 1081 2692 superius
1112 2622 1171 2674 in
1206 2624 1254 2674 Θ
1291 2620 1514 2690 adparet
1543 2618 1815 2690 inferiore,

115 2767 126 2775 ,
833 2715 890 2765 Κ
910 2715 1093 2765 autem
1115 2709 1341 2764 inferius
1365 2709 1424 2762 in
1449 2711 1494 2761 Z
1523 2706 1814 2777 superiore.

132 2849 146 2867 ⁴
217 2822 221 2841 τ
265 2816 295 2853 e
332 2818 548 2855 sursum
585 2801 838 2855 deorsum
877 2818 1065 2854 uersae
1103 2799 1371 2853 uidentur.
