1904 3184
98 1082 153 1122 10

96 1541 150 1581 15

93 1986 150 2027 20

93 2430 150 2470 25

189 162 222 213 6
770 161 1053 203 Encmms
1086 162 1315 204 0PT1cA.

187 281 371 336 οὐκέτι
425 282 772 352 ὁραθήσεται.
870 282 1187 350 γεγενήσθω
1243 281 1348 349 γὰρ

186 373 248 425 τὸ
283 374 383 424 ΓΔ
422 371 482 424 ἐν
521 378 596 443 τῷ
634 369 834 440 μεταξὺ
875 371 1199 439 διαστήματι
1238 378 1351 422 τῶν

187 462 393 529 ὄψεων,
450 459 538 530 ἐφ’
582 457 650 514 οὗ
696 461 758 513 τὸ
805 463 871 512 Κ.
960 460 1167 512 οὐκοῦν
1212 460 1351 528 πρὸς

185 551 248 603 τὸ
287 553 347 602 Κ
380 549 610 619 οὐδεμία
649 558 761 602 τῶν
802 548 908 602 ἀπὸ
947 556 1046 602 τοῦ
1081 552 1128 601 Β
1168 549 1350 611 ὄψεων

185 649 594 709 προσπεσεῖται·
641 639 781 710 πρὸς
819 637 848 691 ὃ
890 635 950 690 δὲ
989 639 1051 690 αἱ
1086 639 1239 700 ὄψεις
1282 636 1349 689 οὐ

183 731 650 799 προσπίπτουσιν,
725 727 900 780 ἐκεῖνο
970 727 1071 796 οὐχ
1140 727 1347 797 ὁρᾶται.

183 815 416 870 ἕκαστον
439 818 546 887 ἄρα
574 826 686 869 τῶν
710 814 1007 887 ὁρωμένων
1034 819 1141 885 ἔχει
1170 836 1222 868 τι
1250 824 1349 885 μῆ-

183 925 279 968 κος
310 905 705 975 ἀποστήματος,
738 902 806 959 οὗ
837 907 1135 974 γενόμενον
1166 903 1349 958 οὐκέτι

185 994 392 1066 ὁρᾶται.

999 1069 1032 1120 δ
1042 1067 1070 1120 ’.

304 1175 428 1225 Τῶν
469 1177 606 1226 ἴσων
645 1172 1031 1242 διαστημάτων
1068 1169 1161 1223 καὶ
1202 1168 1289 1223 ἐπὶ
1328 1177 1424 1239 τῆς
1456 1170 1624 1239 αὐτῆς
1656 1170 1880 1234 εὐθείας

185 1263 364 1315 ὄντων
410 1263 476 1315 τὰ
522 1261 579 1315 ἐκ
618 1265 875 1324 πλείονος
914 1262 1280 1329 διαστήματος
1323 1259 1574 1331 ὁρώμενα
1615 1258 1879 1313 ἐλάττονα

186 1354 458 1420 φαίνεται.

295 1442 432 1493 ἔστω
475 1445 566 1493 ἴσα
606 1441 945 1508 διαστήματα
977 1437 1065 1492 ἐπὶ
1096 1445 1224 1507 μιᾶς
1254 1436 1473 1499 εὐθείας
1503 1438 1570 1490 τὰ
1603 1441 1730 1507 ΑΒ,
1758 1441 1878 1505 ΒΓ,

185 1532 309 1599 ΓΔ,
359 1527 451 1582 καὶ
497 1529 725 1598 ἀνήχθω
771 1530 910 1600 πρὸς
957 1527 1135 1599 ὀρθὰς
1181 1527 1213 1596 ἡ
1254 1529 1386 1595 ΑΕ,
1439 1524 1527 1595 ἐφ’
1563 1522 1628 1595 ἧς
1665 1529 1875 1581 κείσθω

182 1620 328 1688 ὄμμα
359 1619 420 1671 τὸ
452 1622 516 1671 Ε.
571 1617 729 1687 λέγω,
769 1618 853 1671 ὅτι
891 1620 1075 1687 μεῖζον
1110 1636 1215 1686 φα-
1320 1653 1381 1709 A
1474 1659 1528 1709 B
1645 1661 1711 1709 Γ
1814 1657 1870 1708 A

181 1708 406 1775 νήσεται
445 1708 507 1760 τὸ
546 1705 647 1776 μὲν
686 1710 795 1759 ΑΒ
836 1714 935 1759 τοῦ
981 1708 1102 1774 ΒΓ,
1153 1707 1215 1759 τὸ

182 1795 243 1850 δὲ
274 1799 387 1850 ΒΓ
417 1804 516 1849 τοῦ
550 1799 666 1849 ΓΔ.
726 1795 1216 1867 προσπιπτέτωσαν

181 1887 285 1956 γὰρ
318 1885 533 1947 ἀκτῖνες
565 1886 626 1938 αἱ
653 1889 775 1954 ΕΒ,
807 1888 926 1954 ΕΓ,
958 1889 1085 1954 ΕΔ,
1124 1883 1216 1938 καὶ

180 1976 338 2044 ἤχθω
379 1975 472 2027 διὰ
511 1981 610 2027 τοῦ
649 1978 696 2027 Β
741 1977 968 2044 σημείου
1007 1982 1071 2045 τῇ
1114 1978 1220 2028 ΓΕ
1290 1955 1334 2001 Ζ

181 2064 375 2136 εὐθείᾳ
396 2065 745 2134 παράλληλος
768 2063 800 2133 ἡ
826 2067 872 2116 Β
887 2067 946 2117 Ζ.
995 2069 1084 2133 ἴση
1109 2065 1216 2135 ἄρα

182 2152 332 2207 ἐστὶν
363 2154 397 2223 ἡ
422 2157 532 2206 ΑΖ
564 2161 629 2223 τῇ
657 2156 774 2205 ΖΕ.
830 2151 945 2206 ἐπεὶ
970 2154 1074 2223 γὰρ
1101 2173 1214 2223 τρι-

181 2244 367 2311 γώνου
406 2249 506 2295 τοῦ
538 2244 712 2295 ΑΕΓ
749 2243 898 2313 παρὰ
931 2244 1065 2311 μιάν
1103 2251 1215 2296 τῶν

180 2336 437 2403 πλευρῶν
474 2331 576 2400 τὴν
610 2333 716 2383 ΓΕ
750 2325 910 2398 ἦκται
949 2332 1140 2384 εὐθεῖα
1180 2332 1213 2401 ἡ
1307 2314 1370 2362 Ε

184 2425 306 2489 ΒΖ,
340 2423 490 2474 ἔστιν
515 2422 622 2490 ἄρα
644 2422 753 2489 καί,
786 2420 861 2483 ὡς
888 2421 920 2489 ἡ
948 2423 1048 2473 ΓΒ
1080 2422 1218 2491 πρὸς
1242 2424 1362 2489 ΒΑ,
1394 2419 1427 2488 ἡ
1452 2424 1558 2473 ΕΖ
1588 2420 1726 2491 πρὸς
1754 2423 1876 2472 ΖΑ.

183 2515 272 2578 ἴση
313 2511 420 2580 ἄρα
459 2507 608 2562 ἐστὶν
647 2508 679 2576 ἡ
721 2513 774 2561 Α
786 2512 854 2576 Ζ,
896 2509 969 2572 ὡς
1008 2514 1235 2579 εἴρηται,
1273 2518 1339 2579 τῇ
1382 2513 1500 2561 ΖΕ.
1576 2511 1773 2578 μείζων
1813 2505 1875 2561 δὲ

179 2599 391 2669 πλευρὰ
422 2599 455 2668 ἡ
480 2602 584 2651 ΒΖ
615 2605 712 2667 τῆς
737 2601 859 2650 ΖΑ·
899 2601 1096 2667 μείζων
1126 2600 1234 2668 ἄρα
1264 2596 1356 2651 καὶ
1380 2605 1476 2666 τῆς
1503 2601 1620 2650 ΖΕ.
1675 2599 1872 2666 μείζων

181 2688 288 2757 ἄρα
318 2685 410 2739 καὶ
442 2689 617 2755 γωνία
647 2687 680 2756 ἡ
713 2686 820 2740 ὑπὸ
848 2690 1008 2740 ΖΕΒ
1040 2690 1245 2755 γωνίας
1274 2694 1370 2756 τῆς
1400 2686 1508 2739 ὑπὸ
1544 2689 1721 2739 ΖΒΕ.
1783 2683 1876 2738 καὶ

181 2774 214 2842 ἡ
254 2775 363 2828 ὑπὸ
406 2779 570 2828 ΖΒΕ
604 2784 670 2846 τῇ
708 2775 816 2829 ὑπὸ
858 2778 1028 2828 ΒΕΓ
1061 2781 1172 2844 ἴση·
1212 2774 1304 2828 καὶ
1342 2774 1375 2843 ἡ
1415 2774 1523 2828 ὑπὸ
1566 2778 1727 2827 ΖΕΒ
1767 2767 1904 2845 ἄραέ

301 2911 341 2951 3.
385 2904 487 2964 ἐφ’]
521 2904 608 2962 ἀφ’
638 2906 745 2950 vat.
885 2911 923 2950 6.
965 2904 1304 2961 προσπίπτουσι
1335 2920 1377 2949 v.
1516 2909 1556 2949 8.
1597 2903 1874 3010 γενόμενονὶ
1903 2931 1904 2934 =

180 2979 295 3010 corr.
331 2979 387 3010 ex
419 2964 674 3023 γενομένου
706 2981 765 3009 m.
793 2970 818 3009 2
852 2966 906 3022 V,
941 2963 1195 3022 γενομένου
1227 2965 1434 3009 BVat.v.
1543 2969 1609 3008 14.
1642 2965 1764 3008 Ante
1797 2963 1854 3008 ἐπ
