1904 3184
215 80 325 132 234
565 82 916 125 OPTICORUM
945 82 1241 127 RECENSIO
1273 83 1553 127 THEONIS.

213 208 313 254 τοῦ
345 202 451 272 ἄρα
483 203 722 271 ὄμματος
744 201 1040 271 τιθεμένου
1081 201 1169 255 ἐπὶ
1208 210 1309 256 τοῦ
1351 207 1396 256 Ζ
1435 205 1663 272 σημείου
1705 207 1794 272 ἴση
1834 203 1904 258 ἂν

214 293 470 360 φαίνοιτο
511 291 544 359 ἡ
585 293 699 344 ΒΓ
730 298 792 361 τῇ
834 294 958 344 ΓΛ·
1005 293 1118 344 ἔστι
1159 288 1219 344 δὲ
1257 294 1468 361 μείζων.
1531 294 1645 345 ἔστι
1676 311 1759 355 τις
1798 294 1904 363 ἄρα

213 381 379 442 τόπος
417 381 626 448 κοινός,
666 378 764 449 ἀφ’
801 376 869 433 οὗ
907 380 973 433 τὰ
1012 381 1176 433 ἄνισα
1215 379 1422 450 μεγέθη
1465 386 1556 434 ἴσα
1595 383 1865 451 φαίνεται.

1008 555 1111 627 μζ.

326 662 463 714 Εἰσί
496 680 642 724 τινες
679 663 862 730 τόποι,
911 659 971 715 ἐν
1010 654 1094 724 οἷς
1130 662 1197 714 τὰ
1236 662 1399 715 ἄνισα
1437 659 1644 731 μεγέθη
1685 661 1787 714 δύο
1828 663 1904 725 είς

212 749 379 803 ταύτὸ
419 748 758 803 συντεθέντα
799 754 890 803 ἴσα
929 748 1163 822 ἑκατέρῳ
1204 759 1316 803 τῶν
1356 749 1565 803 ἀνίσων
1604 754 1876 820 φαίνεται.

323 840 459 892 ἔστω
498 839 604 910 γὰρ
642 841 840 909 μείζων
882 839 916 908 ἡ
944 841 1056 892 ΒΓ
1086 846 1182 908 τῆς
1221 842 1339 908 ΓΔ,
1376 837 1467 892 καὶ
1502 836 1626 910 περὶ
1657 840 1754 902 τὰς
1785 841 1904 909 ΒΓ,

214 929 321 980 ΓΔ
359 927 653 997 ἡμικύκλια
693 928 1104 999 γεγράφθωσαν
1149 926 1240 981 καὶ
1285 926 1411 999 περὶ
1459 928 1595 996 ὅλην
1635 929 1737 998 τὴν
1775 931 1904 982 ΒΔ.

214 1016 421 1070 οὐκοῦν
470 1022 559 1087 ἴση
607 1017 641 1087 ἡ
689 1017 749 1071 ἐν

124 1119 181 1159 10
250 1113 286 1178 ᾖ

124 1565 178 1604 15

122 2009 180 2048 20

124 2556 217 2596 25·

213 1197 347 1248 κλίω
383 1198 559 1263 γωνιά
590 1204 654 1265 τῆ
689 1195 748 1250 ἐν

212 1125 287 1158 τω
334 1109 510 1159 ΒΑΔ
558 1107 725 1177 ἡμικυ

212 1250 538 1356 τῷ’ΒΚΓ·
601 1252 747 1357 ὀρθὴ
932 1214 1029 1372 f

212 1372 317 1443 γάρ
347 1372 497 1427 ἐστιν
522 1372 748 1446 ἑκατέρα
868 1239 1552 1581 Δ
1892 1350 1904 1462 ἰ

212 1461 411 1569 αὐτῶν.
498 1468 587 1532 ἴση
642 1466 748 1534 ἄρα
1556 1441 1904 1581 Δί

212 1570 467 1620 φαινεται
536 1553 569 1622 ἡ
638 1557 685 1607 Β
705 1556 760 1607 Γ
831 1586 882 1637 B
1507 1592 1568 1638 1⁷
1835 1587 1904 1638 ΔΙγ

211 1647 277 1710 τῇ
316 1644 442 1693 ΒΛ·
489 1642 751 1707 ὡσαύτως
1892 1638 1904 1650 ”

212 1727 273 1782 δὲ
295 1728 387 1783 καὶ
411 1730 444 1799 ἡ
469 1734 583 1784 ΒΔ
614 1741 679 1803 τῇ
706 1735 808 1785 ΓΔ
832 1741 944 1786 τῶν
969 1731 1229 1802 ὀμμάτων
1254 1730 1342 1786 ἐπὶ
1366 1741 1478 1785 τῶν
1503 1735 1695 1800 ΒΑΔ,
1720 1728 1904 1810 BKI}

214 1820 373 1871 ΓΖΛ
411 1818 752 1889 ἡμικυκλίων
789 1819 1071 1891 κειμένων.
1149 1822 1261 1874 εἰσί
1294 1840 1439 1884 τινες
1476 1821 1583 1890 ἄρα
1620 1822 1802 1889 τόποι,
1843 1818 1904 1879 ἐκ

214 1900 297 1971 οἷς
342 1908 409 1960 τὰ
455 1910 620 1962 ἄνισα
666 1908 872 1979 μεγέθη
921 1911 1023 1963 δύο
1078 1911 1157 1974 εἰς
1210 1909 1376 1963 ταύτὸ
1424 1907 1763 1964 συντεθέντα
1810 1914 1904 1971 ι’σᾷ

214 1994 446 2070 ἑκατέρῳ
484 2006 596 2051 τῶν
635 1997 845 2052 ἀνίσων
884 2001 1154 2068 φαίνεται.
1883 1977 1904 2037 Ψ

997 2197 1108 2246 μη·
1883 2189 1897 2254 ζ’

323 2279 530 2351 Εὑρεῖν
568 2281 788 2348 τόπους,
828 2277 926 2349 ἀφ’
964 2275 1043 2333 ὧν
1074 2280 1136 2333 τὸ
1178 2284 1301 2333 ἴσον
1331 2277 1565 2349 μέγεθος
1593 2279 1763 2349 ἥμισυ
1795 2291 1904 2348 (poca.

211 2379 386 2422 νεῖται
425 2367 458 2437 ἢ
497 2366 758 2439 τέταρτον
804 2366 967 2439 μέρος
1011 2366 1103 2422 καὶ
1149 2371 1400 2422 καθόλου
1448 2367 1508 2422 ἐν
1549 2376 1625 2441 τῷ
1673 2355 1904 2426 δοθέντι

213 2460 383 2531 λόγῳ,
423 2457 483 2511 ἐν
522 2451 566 2530 ᾧ
603 2454 695 2509 καὶ
733 2457 767 2525 ἡ
806 2460 982 2524 γωνία
1020 2456 1285 2527 τέμνεται.
1877 2491 1904 2548 Ἰ

325 2549 461 2600 ἔστω
516 2546 621 2617 γὰρ
677 2545 869 2599 εὐθεῖα
918 2544 951 2614 ἡ
1002 2550 1134 2616 ΛΖ,
1187 2544 1280 2599 καὶ
1331 2544 1458 2617 περὶ
1502 2547 1603 2616 τὴν
1651 2549 1702 2599 Λ
1714 2549 1758 2598 Ζ
1811 2560 1899 2614 γε,-

212 2635 452 2706 γραφθω
492 2642 674 2704 τμῆμα
705 2637 891 2703 τυχόν,
929 2633 1021 2688 καὶ
1053 2634 1416 2706 ἐγγεγραφθω
1450 2635 1528 2698 εἰς
1558 2635 1691 2688 αὐτὸ
1724 2654 1840 2702 γων
1877 2629 1883 2645 ‘

363 2823 621 2882 ,φαίνειτο
654 2839 696 2881 v
731 2838 843 2869 corr.
877 2840 936 2869 m.
972 2829 1011 2869 1.
1102 2826 1190 2884 τις]
1222 2823 1272 2867 in
1302 2837 1392 2867 rae.
1424 2839 1484 2869 m.
1519 2829 1542 2867 1
1576 2823 1630 2868 V.
1727 2827 1767 2868 4.
1801 2815 1882 2879 μζ

212 2830 1891 2941 222'1230'126'V‚m.1v;wamma6.‹xvvwf›.‹}m‹>c1›.”14252302212s
