1904 3184
90 1049 143 1089 10

85 1573 141 1612 15

179 112 288 167 318
837 114 1222 158 CAToermA.

180 233 563 304 ἀνακλώμεναι
602 231 690 287 ἐπὶ
726 234 794 286 τὰ
830 239 902 303 A,
933 238 1007 303 E,
1058 234 1342 305 ὁρώμενον
1388 233 1450 289 δὲ
1491 236 1553 290 τὸ
1593 241 1728 306 AE,
1778 236 1871 290 καὶ

179 323 286 377 ἀπὸ
327 330 427 376 τοῦ
463 327 511 376 Θ
547 321 781 392 κέντρου
810 324 1078 392 ἤχθωσαν
1110 322 1197 377 ε’πὶ
1228 325 1294 376 τὰ
1326 329 1397 393 A,
1421 328 1474 377 Ε
1508 326 1571 378 αἱ
1601 329 1721 394 ΘΔ,
1749 329 1872 394 ΘΕ,

178 411 270 466 καὶ
295 411 757 482 ἐκβεβλήσθωσαν
788 413 851 465 αἱ
870 414 1024 477 ὄψεις
1051 411 1138 466 ε’πὶ
1162 414 1228 466 τὰ
1256 417 1317 482 Z,
1342 417 1416 482 H,
1447 412 1539 466 καὶ
1563 413 1869 483 ἐπεζεύχθω

176 504 239 557 τὸ
276 506 397 556 ΖΗ
421 503 668 555 εἴδωλον.
724 501 932 555 οὐκοῦν
961 503 1022 555 τὸ
1054 499 1156 571 μὲν
1178 507 1233 555 A
1265 505 1520 572 φαίνεται
1552 501 1639 556 ε’πὶ
1669 510 1769 556 τοῦ
1793 507 1871 571 H,

178 594 240 646 τὸ
281 589 342 646 δὲ
380 596 433 645 Ε
469 589 557 644 ἐπὶ
595 599 695 645 τοῦ
737 595 797 644 Ζ.
874 592 940 644 τὰ
979 592 1086 662 ἄρα
1126 590 1275 655 δεξιὰ
1315 591 1574 663 ἀριστερὰ
1614 595 1870 662 φαίνεται

175 679 268 734 καὶ
307 682 374 734 τὰ
413 679 673 752 ἀριστερὰ
712 678 876 744 δεξιά.
950 680 1108 750 λέγω,
1148 682 1232 734 ὅτι
1270 683 1467 751 μείζων
1506 679 1656 735 ἐστὶν
1693 680 1726 750 ἡ
1758 685 1871 734 ΕΛ

175 778 273 840 τῆς
312 774 436 824 ΛΖ.
497 771 655 839 ἤχθω
695 770 800 841 γὰρ
840 770 933 823 διὰ
971 778 1072 823 τοῦ
1107 774 1161 822 Α
1200 769 1546 839 ἐφαπτομένη
1586 778 1682 839 τῆς
1719 788 1869 840 περι-

176 863 400 932 φερείας
437 859 471 928 ἡ
503 862 676 913 ΡΛΚ.
741 857 855 913 ἐπεὶ
894 855 998 913 οὖν
1032 860 1094 912 αἱ
1122 863 1242 928 BA,
1267 863 1381 912 AE
1415 861 1554 930 πρὸς
1583 861 1686 929 τὴν
1716 878 1868 930 περι-

176 947 404 1020 φέρειαν
445 954 567 1011 ἴσας
603 956 828 1002 ποιοῦσι
868 950 1074 1016 γωνίας
1120 949 1212 1002 διὰ
1251 950 1352 1018 τὴν
1392 948 1720 1017 ἀνάκλασιν,
1772 949 1867 1018 ἐφ-

175 1038 399 1091 άπτεται
438 1035 500 1091 δὲ
530 1037 563 1106 ἡ
596 1040 711 1092 KA
721 1042 780 1107 P,
820 1039 946 1107 δίχα
984 1036 1055 1091 ἂν
1093 1042 1176 1106 εἴη
1216 1036 1517 1107 τετμημένη
1550 1037 1583 1106 ἡ
1614 1037 1723 1091 ὑπὸ
1756 1047 1868 1091 τῶν

173 1131 342 1181 ΕΑΖ
385 1130 574 1196 γωνία.
651 1125 742 1181 καὶ
781 1126 1011 1197 ἀμβλεῖα
1051 1126 1200 1180 ἐστιν
1246 1125 1279 1195 ἡ
1320 1130 1378 1180 Κ
1419 1129 1615 1195 γωνία·
1670 1129 1867 1196 μείζων

173 1217 280 1288 ἄρα
325 1215 358 1285 ἡ
406 1219 522 1270 ΕΚ
562 1224 658 1286 τῆς
702 1219 832 1269 ΚΖ·
886 1220 1072 1289 πολλῷ
1118 1219 1328 1285 μᾶλλον
1374 1215 1407 1284 ἡ
1447 1219 1556 1269 ΕΛ
1601 1223 1698 1285 τῆς
1744 1219 1866 1268 ΛΖ.

173 1309 410 1360 ἔλασσον
448 1307 555 1377 ἄρα
602 1304 787 1375 ἀπέχει
836 1307 898 1359 τὸ
946 1307 1177 1359 εἴδωλον
1223 1306 1285 1359 τὸ
1328 1308 1447 1358 ΖΗ
1487 1303 1592 1359 ἀπὸ
1641 1312 1739 1358 τοῦ
1780 1304 1865 1358 ε’ν-

173 1397 408 1467 όπτρου,
446 1397 630 1465 μεῖζον
669 1392 730 1448 δὲ
767 1396 830 1449 τὸ
870 1395 1154 1466 ὁρώμενον
1190 1395 1253 1448 τὸ
1293 1398 1419 1448 ΕΔ.

966 1578 1034 1612 κα
1059 1599 1071 1611 .

280 1661 372 1717 Ἐν
408 1674 525 1727 τοῖς
554 1672 779 1734 κυρτοῖς
810 1661 1095 1733 ἐνόπτροις
1126 1663 1187 1715 τὸ
1220 1663 1453 1716 εἴδωλον
1485 1664 1717 1716 ἔλασσόν
1749 1662 1863 1715 ἐστι

172 1762 284 1807 τῶν
323 1752 634 1824 ὁρωμένων.

284 1845 422 1896 ε”στω
461 1843 565 1914 γὰρ
596 1844 803 1914 κυρτὸν
834 1844 1103 1911 ἕνοπτρον
1134 1842 1195 1895 τὸ
1220 1844 1404 1910 ΑΟΓ,
1444 1843 1589 1911 ὄμμα
1620 1838 1681 1893 δὲ
1712 1842 1774 1894 τὸ
1797 1843 1876 1910 B,

172 1933 326 1996 ὄψεις
364 1929 425 1985 δὲ
465 1931 846 2002 ἀνακλώμεναι
886 1932 947 1984 αἱ
981 1934 1102 1999 BA,
1134 1932 1246 1983 ΒΓ
1278 1928 1365 1983 ἐπὶ
1406 1930 1471 1983 τὰ
1510 1934 1582 1998 A,
1610 1933 1672 1982 Ε.
1735 1929 1862 1982 οὐκ·

292 2099 330 2138 1.
363 2092 440 2152 τά]
473 2109 533 2150 m,
565 2091 616 2137 τό
647 2092 798 2136 VMv.
893 2092 1129 2148 ὁρώμενον
1162 2117 1218 2124 -
1251 2092 1371 2149 AE]
1405 2105 1493 2135 om.
1526 2106 1586 2134 m.
1680 2095 1718 2134 2.
1756 2090 1871 2149 ΘΔ]

174 2156 215 2199 Θ
246 2166 271 2197 e
304 2167 417 2198 corr.
450 2153 568 2197 Mm.
675 2156 716 2196 3.
750 2151 820 2209 αἱ]
855 2151 906 2195 αἱ
937 2155 1036 2207 ΒΓ,
1063 2155 1143 2195 BA
1174 2166 1234 2195 m.
1331 2154 1380 2206 Z,
1406 2151 1477 2209 H]
1513 2153 1571 2206 H,
1600 2153 1635 2193 Z
1665 2165 1724 2193 m.
1817 2153 1858 2194 4.

169 2214 272 2271 τοῦ]
304 2212 356 2257 τό
389 2213 450 2258 Μ.
573 2216 612 2255 5.
644 2211 748 2270 τοῦ]
780 2210 832 2255 τό
864 2211 936 2256 V‘?
1059 2216 1097 2255 6.
1132 2209 1221 2269 ὅτι]
1255 2210 1314 2267 δὴ
1348 2208 1418 2254 ὅτι
1448 2225 1506 2254 m.
1630 2210 1784 2266 μεῖζον
1815 2223 1858 2253 v,

232 2277 270 2316 7.
310 2273 374 2330 A]
418 2286 530 2317 corr.
565 2285 621 2315 ex
662 2274 713 2315 H
746 2286 806 2314 m.
961 2267 1288 2328 ἐφαπτομένου
1327 2269 1388 2313 Μ.
1540 2266 1858 2326 περιφερείας]

170 2329 373 2396 σφαίρας
396 2346 455 2376 m.
549 2335 589 2375 8.
615 2331 730 2389 AE]
757 2332 798 2373 E
820 2330 874 2374 V.
967 2330 1054 2387 τὴν
1077 2327 1401 2387 περιφέρειαν]
1427 2335 1483 2387 τῇ
1506 2325 1778 2388 περιφερείᾳ
1797 2342 1857 2372 m.

229 2395 268 2435 9.
300 2398 518 2436 ποιοῦσιν
548 2390 643 2434 VV.
795 2387 966 2447 γωνίας
997 2396 1184 2434 ποιοῦσι
1214 2403 1274 2433 m.
1429 2392 1496 2431 10.
1529 2385 1783 2444 τεταγμένη
1814 2401 1856 2431 v.

225 2451 337 2509 τῶν]
379 2464 467 2494 om.
499 2465 559 2494 m.
714 2453 783 2493 11.
824 2452 908 2493 EA
924 2450 984 2507 Ζ]
1016 2451 1151 2493 ΑΕΖ
1180 2448 1242 2492 Μ.
1394 2444 1500 2506 καί]
1537 2447 1627 2491 ὑπὸ
1659 2453 1740 2503 τῆς
1771 2449 1859 2490 ΚΑ

169 2507 361 2561 εὐθείας
391 2525 450 2554 111.
575 2508 698 2554 ἐστιν
724 2536 776 2542 --
803 2506 969 2567 γωνία]
1002 2506 1054 2552 δὲ
1085 2508 1114 2565 ἡ
1146 2507 1238 2552 ὑπὸ
1274 2510 1426 2563 ΕΚΑ,
1461 2506 1588 2559 ὀξεῖα
1621 2503 1671 2550 δὲ
1703 2506 1732 2563 ἡ
1766 2505 1856 2550 ὑπὸ

166 2573 260 2613 AK
270 2573 305 2613 Z
334 2585 394 2613 m.
517 2570 671 2625 μεῖζον
702 2583 745 2613 V.
898 2573 966 2611 12.
1006 2568 1200 2626 μᾶλλον]
1241 2566 1333 2623 ἄρα
1366 2563 1529 2623 μείζων
1563 2580 1623 2609 m.
1747 2565 1857 2623 EA]

167 2642 280 2672 corr.
315 2642 371 2672 ex
404 2631 496 2672 EA
526 2628 582 2672 V.
688 2632 757 2673 13.
793 2626 979 2672 ἔλαττον
1011 2628 1072 2672 Μ.
1170 2627 1287 2685 ΖΗ]
1324 2628 1423 2670 ΖΝ
1448 2640 1491 2668 v.
1601 2629 1668 2668 14.
1703 2626 1856 2680 μεῖζον

167 2714 223 2720 -
256 2688 376 2746 EA]
407 2687 526 2743 ἤπερ
557 2687 608 2732 τὸ
643 2690 735 2731 EA
767 2687 1003 2743 ὁρώμενον
1034 2702 1094 2731 m.
1245 2686 1359 2730 Post
1391 2687 1482 2729 EA
1522 2683 1627 2728 add.
1661 2684 1723 2735 ὡς
1754 2682 1858 2740 ἑξῆς

164 2753 302 2791 τοῦτο
335 2745 574 2792 δείκνυται
605 2747 703 2791 Mv.
814 2751 882 2790 15.
916 2746 1019 2805 xoc']
1053 2745 1132 2803 κη’
1158 2745 1250 2789 Vv.
1362 2749 1430 2788 16.
1466 2743 1517 2788 ἐν
1548 2769 1603 2775 —
1638 2747 1705 2787 17.
1741 2743 1855 2798 ὁρω-

166 2804 338 2864 μένων]
371 2807 452 2851 nal
485 2804 653 2863 ὁμοίως
684 2805 1000 2864 δειχθήσεται,
1033 2804 1102 2850 ὅτι
1133 2804 1289 2849 καὶτὸ
1314 2809 1357 2848 A
1367 2806 1408 2847 E
1440 2803 1675 2859 ὁρώμενον
1699 2801 1855 2859 μεῖζόν

166 2864 260 2909 ἐστι
289 2872 373 2910 τοῦ
407 2869 502 2909 ΗΖ
542 2866 733 2911 εἰδώλου
771 2881 832 2909 m.
987 2869 1054 2909 16.
1097 2864 1219 2910 ἐστιν
1249 2863 1342 2909 Vv.
1497 2867 1565 2906 19.
1600 2866 1703 2917 BA,
1737 2861 1854 2920 ΒΓ]
1902 2911 1904 2914 ⁴

165 2928 266 2982 ΒΓ,
291 2929 372 2968 BA
403 2940 463 2969 m.
