1904 3184
167 111 273 164 156
517 112 871 156 OPTICORUM
900 112 1198 155 RECENSIO
1229 112 1506 157 THEONIS.

971 268 1006 300 α
1031 289 1042 300 .

279 333 461 390 Οὐδὲν
501 345 613 389 τῶν
651 335 949 406 ὁρωμένων
988 336 1098 405 ἅμα
1138 335 1271 389 ὄλον
1309 335 1518 406 ὁρᾶται.

277 428 413 479 ε”στω
454 426 558 496 γὰρ
599 425 882 495 ὁρώμενόν
913 444 966 478 τι
997 427 1058 478 τὸ
1091 429 1218 493 ΑΔ,
1258 426 1402 495 ὄμμα
1435 422 1495 478 δὲ
1528 427 1665 479 ἔστω
1697 427 1758 479 τὸ
1793 429 1859 495 Β,

166 514 262 585 ἀφ’
299 512 366 569 οὗ
405 512 898 584 προσπιπτέτωσαν
937 515 1091 579 ὄψεις
1138 515 1199 567 αἱ
1236 517 1362 582 ΒΑ,
1404 516 1525 582 ΒΓ,
1566 517 1699 583 ΒΚ,
1739 518 1860 568 ΒΔ.

107 619 132 659 5
166 605 373 658 οὐκοῦν
414 602 529 657 ἐπεὶ
569 603 630 657 ἐν
669 605 1000 673 διαστήματιΙ
1027 602 1294 674 φέρονται
1326 605 1390 656 αἱ
1415 606 1860 673 προσπίπτουσαι

166 695 344 762 ὄψεις,
399 693 501 746 οὐκ
558 692 628 746 ἂν
681 695 1078 764 προσπίπτοιεν
1130 702 1378 762 συνεχεῖς
1429 693 1569 763 πρὸς
1623 694 1684 746 τὸ
1736 697 1867 746 ΑΔ.

166 784 305 837 ὥστε
351 782 569 851 γένοιτο
619 781 689 836 ἂν
735 780 827 836 καὶ
873 783 1009 836 κατὰ
1055 783 1117 836 τὸ
1157 787 1268 835 ΑΔ
1316 783 1683 851 διαστήματα,
1729 782 1869 851 πρὸς

167 872 201 926 ἃ
241 873 304 925 αἱ
335 873 490 936 ὄψεις
520 872 587 926 οὐ
619 879 1078 942 προσπεσοῦνται.
1142 872 1243 925 οὐκ
1274 873 1382 941 ἄρα
1413 871 1725 941 ὀφθήσεται
1758 872 1867 940 ἅμα

168 963 302 1016 ὅλον
340 963 401 1015 τὸ
441 965 566 1014 AA.
636 961 791 1014 δοκεῖ
826 958 887 1013 δὲ
926 960 1167 1031 ὁρᾶσθαι
1208 961 1317 1030 ἅμα
1356 969 1469 1013 τῶν
1509 961 1693 1023 ὄψεων
1731 961 1867 1029 ταχὺ

82 1064 137 1104 10
168 1049 657 1122 παραφερομένων.
1026 1123 1039 1141 Ι

293 1218 423 1267 Τῶν
480 1219 618 1267 ι”σων
671 1218 926 1283 μεγεθῶν
982 1211 1044 1266 ἐν
1098 1213 1427 1283 διαστήματι
1482 1211 1750 1282 κειμένων
1804 1213 1870 1266 τὰ

172 1306 360 1372 ἔγγιον
399 1306 620 1373 κείμενα
660 1300 1053 1373 ἀκριβέστερον
1092 1301 1301 1373 ὁρᾶται.

285 1394 422 1446 ἔστω
463 1392 608 1462 ὄμμα
647 1389 749 1461 μὲν
786 1393 848 1445 τὸ
889 1395 962 1460 Β,
1001 1390 1285 1462 ὁρώμενον
1332 1387 1393 1444 δὲ
1431 1391 1493 1444 τὸ
1535 1393 1636 1444 ΓΔ
1674 1389 1766 1444 καὶ
1805 1392 1872 1445 τὸ

84 1495 140 1535 15
173 1485 309 1536 ΚΛ·
348 1483 452 1553 χρὴ
493 1479 554 1535 δὲ
592 1491 745 1535 νοεῖν
784 1482 924 1535 αὐτὰ
964 1485 1054 1535 ἴσα
1085 1478 1178 1534 καὶ
1208 1479 1548 1551 παράλληλα,
1589 1482 1776 1548 ἔγγιον
1807 1481 1841 1534 δ
1871 1526 1875 1531 .

171 1574 308 1626 ἔστω
334 1573 395 1625 τὸ
415 1573 538 1624 ΓΔ·
563 1569 654 1624 καὶ
670 1569 1163 1641 προσπιπτέτωσαν
1185 1571 1339 1635 ὄψεις

173 1662 246 1724 ὡς
286 1661 347 1714 αἱ
380 1662 503 1729 ΒΓ,
535 1663 655 1729 ΒΔ,
690 1662 817 1729 ΒΚ,
849 1663 967 1714 ΒΛ.
1030 1659 1098 1713 οὐ
1130 1661 1233 1729 γὰρ
1268 1659 1339 1714 ἂν
1424 1645 1494 1694 K
1600 1672 1819 1798 —7
1901 1687 1904 1732 3

171 1755 441 1819 εἴποιμεν,
496 1749 570 1812 ὡς
616 1750 677 1802 αἱ
713 1748 818 1802 ἀπὸ
865 1756 964 1802 τοῦ
1003 1752 1050 1802 Β
1098 1750 1338 1819 ὄμματος
1430 1778 1477 1827 Γ

171 1840 310 1911 πρὸς
333 1839 394 1892 τὸ
419 1841 476 1891 K
483 1842 534 1891 A
563 1842 1006 1909 προσπίπτουσαι
1030 1840 1184 1902 ὄψεις
1215 1839 1336 1909 [ὡς]

85 1942 142 1983 20
174 1929 268 1982 διὰ
323 1937 434 1982 τῶν
490 1929 560 1996 Γ,
607 1933 663 1980 A
714 1930 955 1997 σημείων
1006 1926 1338 1982 ἐλεύσονται.

175 2017 209 2086 ἢ
241 2017 347 2088 γὰρ
380 2016 450 2070 ἂν
481 2018 757 2087 τριγώνου
790 2024 889 2070 τοῦ
923 2020 1034 2070 BA
1045 2019 1161 2070 ΛΚ
1168 2020 1267 2070 ΓΒ
1303 2017 1336 2086 ἡ

176 2110 291 2161 ΚΛ
352 2109 550 2176 μείζων
607 2105 676 2159 ἂν
737 2101 807 2174 ἦν
860 2114 957 2176 τῆς
1011 2109 1140 2160 ΓΔ·
1201 2107 1336 2161 ὑπό-

176 2216 349 2250 κειται
389 2193 450 2248 δὲ
480 2193 572 2248 καὶ
606 2200 710 2264 ἴση.
774 2195 981 2249 οὐκοῦν
1012 2197 1073 2249 τὸ
1112 2198 1214 2250 ΓΔ
1245 2197 1353 2251 ὑπὸ
1384 2201 1659 2253 πλειόνων
1690 2200 1835 2263 ὄψεω
1870 2227 1891 2271 .'

178 2286 371 2357 ὁρᾶται
411 2285 548 2354 ἥπερ
590 2286 650 2338 τὸ
691 2287 819 2338 ΚΛ.
893 2284 1283 2356 ἀκριβέστερον
1321 2288 1428 2358 ἄρα
1467 2289 1771 2357 φανήσεται
1810 2276 1888 2403 τςι

90 2388 146 2428 25
181 2378 234 2429 Γ
227 2380 282 2428 Δ
320 2382 420 2428 τοῦ
458 2376 580 2427 ΚΛ.
1034 2447 1048 2467 Ι
1855 2395 1873 2429 ι

992 2470 1027 2517 7
1052 2490 1063 2501 ·
1859 2486 1862 2492 ·

277 2537 549 2591 ’Ἐκαστον
579 2546 691 2591 τῶν
722 2536 1020 2607 ὁρωμένων
1051 2541 1158 2608 ἔχει
1190 2559 1242 2592 τι
1273 2547 1444 2608 μῆκος
1476 2539 1871 2662 ἀποστήματοςέ

181 2625 248 2682 οὗ
221 2629 588 2722 *γενόμενον
627 2625 809 2679 οὐκέτι
849 2627 1055 2698 ὁρᾶται.

1634 2056 1703 2112 *B

302 2749 341 2788 6.
383 2741 714 2799 προσπίπτειεν
746 2757 788 2787 v.
921 2748 958 2787 7.
992 2742 1113 2818 καί]
1133 2744 1222 2790 del.
1256 2760 1315 2789 m.
1348 2759 1438 2790 ree.
1472 2745 1527 2791 V.
1666 2751 1734 2791 12.
1769 2747 1798 2790 ὃ
1853 2792 1857 2794 ,

183 2804 379 2860 στήμασι
409 2818 469 2847 m.
501 2816 591 2847 rec.
624 2802 678 2846 V.
831 2803 946 2847 Post
983 2802 1210 2860 κειμένων
1250 2804 1357 2849 add.
1391 2804 1572 2856 ἀνίσοις
1601 2821 1659 2850 m.
1693 2819 1782 2850 rec.
1814 2800 1868 2850 K

243 2868 312 2907 13.
349 2862 529 2920 ἔγγειον
559 2862 616 2919 V,
649 2875 762 2906 eon.
787 2877 847 2906 m.
873 2877 961 2907 ree.
1058 2868 1126 2907 14.
1161 2863 1403 2920 ὁρώμεναν
1434 2880 1494 2909 m.
1529 2879 1617 2909 ree.
1651 2865 1705 2909 V.
1800 2850 1857 2908 18

186 2922 365 2980 ἔγγειον
396 2922 451 2979 V,
486 2935 599 2965 corr.
631 2936 691 2965 m.
724 2935 812 2965 rec.
953 2926 1021 2967 18.
1055 2922 1125 2981 αἱ]
1159 2937 1247 2967 om.
1279 2939 1324 2980 p.
1460 2928 1528 2969 19.
1562 2924 1634 2982 τό]
1668 2937 1781 2969 corr.
