1904 3184
1884 0 1904 144 1

184 147 256 202 80
753 148 1037 192 EUCLIDIS
1069 148 1300 192 OPTICA.
1896 153 1904 216 ξ

181 271 288 341 ἄρα
327 270 631 339 φανήσεται
677 267 710 337 ἡ
750 271 862 321 ΑΒ
908 275 1006 337 τῆς
1043 272 1163 321 ΕΖ.
1239 268 1409 322 πάλιν
1451 267 1567 323 ἐπεὶ
1605 272 1801 339 μείζων
1839 226 1904 340 ἡί

181 359 320 429 πρὸς
358 366 434 431 τῷ
478 361 525 411 Θ
569 355 926 428 περιεχομένη
972 357 1080 410 ὑπὸ
1127 366 1240 410 τῶν
1278 361 1410 426 ΕΘ,
1448 361 1551 411 ΘΖ
1598 366 1694 428 τῆς
1738 360 1876 429 πρὸς

181 454 257 520 τῷ
311 450 382 515 Θ,
436 444 825 517 περιεχομένης
873 442 933 499 δὲ
978 444 1088 499 ὑπὸ
1135 455 1248 499 τῶν
1295 448 1480 514 ΓΘΔ,
1527 450 1724 517 μείζων
1770 449 1904 519 ἄραε

184 537 494 605 ὀφθήσεται
534 535 567 604 ἡ
607 539 713 588 ΕΖ
751 543 848 604 τῆς
888 537 1004 588 ΓΔ.
1896 509 1904 613 Ξ

1895 624 1904 665 1

123 711 149 750 5
986 697 1090 755 λς’.
1897 673 1904 751 ff

302 806 425 856 Τῶν
464 802 724 873 ἁρμάτων
764 804 823 856 οἱ
856 801 1044 874 τροχοὶ
1083 800 1214 856 ποτὲ
1252 800 1352 873 μὲν
1382 795 1718 867 κυκλοειδεῖς
1749 786 1904 886 φαίῆε

181 911 398 961 νονται,
436 888 568 946 ποτὲ
607 889 668 945 δὲ
706 891 1165 963 παρεσπασμένοι.

294 984 431 1035 ἔστω
482 983 680 1052 τροχὸς
725 982 755 1036 ὁ
795 984 1043 1051 ΑΒΓΔ,
1098 980 1190 1035 καὶ
1232 982 1557 1051 διήχθωσαν
1598 982 1879 1053 διάμετροι.

184 1072 245 1124 αἱ
273 1074 393 1140 ΒΑ,
427 1073 529 1124 ΓΛ
565 1069 864 1142 τέμνουσαι
906 1071 1144 1140 ἀλλήλας
1180 1072 1321 1143 πρὸς
1355 1071 1536 1143 ὀρθὰς
1570 1072 1707 1124 κατὰ
1738 1073 1800 1126 τὸ
1831 1074 1886 1125 Ε

99 1173 154 1212 10
186 1170 437 1230 σημεῖον,
475 1159 569 1214 καὶ
607 1163 814 1214 κείσθω
855 1162 1002 1230 ὄμμα
1041 1162 1113 1230 μὴ
1155 1160 1214 1214 ἐν
1252 1168 1328 1232 τῷ
1370 1159 1608 1233 ἐπιπέδῳ
1647 1168 1747 1214 τοῦ
1785 1162 1881 1214 κύ-

183 1253 334 1302 κλου.
429 1249 526 1303 ἐὰν
579 1251 687 1321 ἄρα
740 1250 773 1320 ἡ
821 1249 927 1303 ἀπὸ
975 1257 1075 1303 τοῦ
1123 1251 1364 1320 ὄμματος
1409 1247 1498 1303 ε’πὶ
1542 1251 1604 1303 τὸ
1650 1248 1883 1321 κέντρον

186 1337 614 1409 ἐπιζευγνυμένη
652 1340 791 1410 πρὸς
830 1338 1008 1410 ὀρθὰς
1045 1334 1080 1411 ᾗ
1118 1347 1195 1412 τῷ
1236 1337 1472 1411 ἐπιπέδῳ
1513 1337 1547 1407 ἢ
1588 1343 1678 1407 ἴση
1717 1346 1783 1410 τῇ
1823 1338 1883 1392 ἐκ

185 1435 285 1481 τοῦ
339 1427 601 1499 κέντρου,
666 1430 727 1481 αἱ
778 1428 1062 1499 διάμετροι
1113 1435 1285 1482 πᾶσαι
1347 1433 1459 1482 ἴσαι
1513 1429 1882 1497 φανήσονται·

188 1517 324 1570 ὥστε
364 1516 394 1570 ὁ
426 1517 622 1587 τροχὸς
660 1517 983 1586 κυκλοειδὴς
1021 1518 1292 1586 φαίνεται.
1355 1515 1451 1569 ἐὰν
1484 1512 1545 1568 δὲ
1576 1515 1610 1584 ἡ
1644 1515 1749 1569 ἀπὸ
1781 1521 1904 1937 w}

101 1620 157 1660 15
190 1606 431 1675 ὄμματος
462 1604 550 1659 ἐπὶ
581 1607 643 1660 τὸ
667 1604 899 1677 κέντρον
931 1603 1358 1675 ἐπιζευγνυμένη
1390 1606 1523 1675 μήτε
1545 1606 1683 1676 πρὸς
1707 1605 1855 1675 ὀρθὰ

186 1689 221 1766 ᾗ
261 1702 337 1767 τῷ
379 1694 618 1768 ἐπιπέδῳ
658 1697 790 1765 μήτε
840 1699 928 1764 ἴση
975 1702 1041 1766 τῇ
1090 1694 1149 1748 ἐκ
1195 1701 1295 1747 τοῦ
1342 1692 1599 1763 κέντρου,
1654 1695 1716 1747 αἱ
1765 1694 1858 1748 διά

192 1802 380 1854 μετροι
427 1785 610 1837 ἄνισοι
661 1785 1032 1854 φανήσονται,
1085 1785 1183 1853 μία
1237 1780 1338 1853 μὲν
1390 1785 1616 1853 μεγίστη
1671 1786 1768 1853 μία
1822 1784 1856 1837 δ

191 1871 470 1942 ἐλαχίστη,
518 1873 664 1943 πάσῃ
705 1870 765 1925 δὲ
805 1874 942 1943 ἄλλῃ
981 1871 1180 1942 μεταξὺ
1227 1879 1324 1941 τῆς
1361 1874 1618 1941 μεγίστης
1662 1870 1753 1926 καὶ
1792 1880 1856 1943 τῆ
1898 1923 1901 1930 .

192 1960 478 2067 ἐλαχίστης
502 1960 783 2033 διηγμένη
823 1963 960 2031 ἄλλη
1000 1965 1097 2031 μία
1128 1964 1303 2032 μόνον
1334 1960 1643 2031 ὀφθήσεται
1676 1966 1766 2031 ἴση
1798 1947 1904 2016 ἐπὶῗ

101 2064 159 2106 20
191 2051 257 2103 τὰ
288 2049 444 2123 ε’τερα
474 2049 609 2122 μέρη
643 2049 930 2121 διηγμένη·
971 2052 1110 2104 ὥστε
1149 2051 1179 2105 ὁ
1211 2051 1407 2122 τροχὸς
1436 2049 1901 2124 napsduoeaps'vogg

194 2141 464 2209 φαίνεται.
1893 2183 1897 2188 ,

993 2243 1091 2309 λζ.
1881 2229 1899 2327 ξ

286 2347 444 2402 ’Ἐστι
478 2351 662 2418 τόπος,
701 2344 768 2402 οὗ
799 2356 898 2402 τοῦ
931 2350 1172 2418 ὄμματος
1203 2346 1482 2418 μένοντος,
1521 2356 1621 2402 τοῦ
1654 2344 1715 2401 δὲ
1747 2330 1893 2431 ὁροοεῖ7

193 2435 362 2507 μένου
402 2436 828 2508 μεθισταμένου,
869 2442 992 2491 ἴσον
1032 2436 1116 2491 αεὶ
1154 2439 1216 2492 τὸ
1255 2437 1538 2509 ὁρώμενον
1576 2439 1846 2507 φαίνεται.
1872 2434 1891 2480 ‹'

104 2534 160 2575 25
306 2530 443 2580 ε’στω
484 2529 630 2597 ὄμμα
661 2527 722 2580 τὸ
751 2531 822 2596 Α,
862 2526 1145 2597 ὁρώμενον
1178 2523 1238 2580 δὲ
1268 2525 1504 2596 μέγεθος
1534 2526 1595 2579 τὸ
1621 2528 1741 2595 ΒΓ,
1781 2501 1904 2621 ‘hij

202 2612 269 2669 οὗ
315 2614 806 2687 προσπιπτέτωσαν
860 2615 1075 2680 ἀκτῖνες
1120 2617 1181 2669 αἱ
1223 2618 1358 2685 ΑΒ,
1397 2621 1451 2668 Α
1462 2617 1531 2685 Γ,
1595 2613 1688 2668 καὶ
1733 2626 1904 2685 περιῖξ

194 2705 497 2775 γεγραφθω
537 2703 663 2776 περὶ
702 2706 763 2758 τὸ
803 2707 978 2758 ΑΒΓ
1013 2706 1214 2768 κύκλος
1261 2704 1290 2758 ὁ
1329 2707 1510 2758 ΑΒΓ.
1588 2701 1752 2773 λέγω,
1799 2685 1904 2774 ὅτι]

315 2899 354 2937 2.
388 2893 499 2952 ὑπό]
534 2891 586 2937 δε
617 2893 709 2938 ὑπό
741 2909 799 2939 111.
925 2895 1032 2949 ΕΘ,
1061 2893 1168 2952 ΘΖ]
1203 2894 1344 2938 ΕΘΖ
1374 2907 1433 2938 111.
1545 2895 1634 2938 ΘΖ
1686 2906 1798 2938 corr.
1826 2904 1883 2942 ex

200 2953 291 2996 ΘΕ
322 2952 427 2997 vat.
544 2957 584 2997 3.
618 2951 922 3012 περιεχομένη
954 2968 1013 2997 m.
1138 2958 1177 2997 5.
1210 2952 1305 3011 λς’]
1340 2953 1606 3009 ο111.ν,με’
1677 2989 1687 3010 ,
1720 2952 1800 3010 μγ’
1825 2952 1880 3009 A,
