1904 3184
131 1058 186 1097 10

131 1575 186 1615 15

130 2020 187 2060 20

130 2463 187 2503 25

216 124 290 176 46
787 126 1073 168 EUCLIDIS
1106 126 1336 168 OPTICA.

216 252 283 315 τῇ
331 246 543 316 σφαίρᾳ
590 244 913 315 διαμέτρου,
969 243 1067 314 ἀφ’
1111 242 1179 299 οὗ
1225 247 1492 314 ἤχθωσαν
1540 244 1904 314 ἐφαπτόμεναι

217 335 280 387 αἶ
312 337 441 402 ΔΒ,
473 336 587 387 ΕΓ
617 335 679 386 αἰ
713 332 876 386 αὐταὶ
913 333 1006 387 καὶ
1043 334 1273 397 ἀκτῖνες.
1350 333 1517 402 λέγω,
1557 334 1641 387 ὅτι
1680 336 1904 386 ἔλασσον

218 421 589 494 ἡμισφαιρίου
636 423 962 491 ὀφθήσεται.
1041 423 1504 492 ἐκβεβλήσθωσαν
1549 424 1655 491 γὰρ
1696 423 1758 475 αἱ
1793 426 1904 492 ΒΔ,

220 514 342 564 ΓΕ·
384 519 795 581 συμπεσοῦνται
833 513 900 581 δὴ
933 510 1022 565 ἐπὶ
1053 513 1120 564 τὰ
1154 515 1215 580 Γ,
1240 515 1315 580 Η,
1340 516 1387 564 Β
1427 510 1581 582 μέρη,
1621 511 1904 580 ἐπειδήπερ

219 599 252 668 ἡ
284 604 401 653 ΛΕ
429 600 679 654 ἐλάσσων
711 599 826 653 ἐστὶ
857 608 954 670 τῆς
986 600 1046 654 ἐν
1077 608 1143 671 τῇ
1176 605 1387 672 σφαίρᾳ
1419 598 1732 670 διαμέτρου.
1784 613 1904 668 συμ-

216 687 565 742 πιπτέτωσαν
609 690 747 742 κατά
797 690 859 742 τὸ
902 694 948 742 Ζ
995 699 1236 759 σημεῖον.
1314 688 1428 742 ἐπεὶ
1467 686 1571 743 οὖν
1618 689 1724 742 ἀπό
1763 708 1904 751 τινος

197 776 447 847 Ισημείου
494 785 594 830 τοῦ
636 782 682 831 Ζ
727 780 1224 848 προσπεπτώκασιν
1270 779 1486 832 εὐθεῖαι
1534 780 1595 831 αἱ
1632 780 1750 846 ΖΓ,
1793 780 1904 846 ΖΒ,

218 868 280 920 τὸ
318 869 501 920 ΒΗΓ
546 868 654 938 ἄρα
708 870 935 921 ἔλαττόν
981 867 1132 921 ἐστιν
1177 867 1521 937 ἡμικυκλίου.
1598 865 1720 920 ἀλλ’
1764 865 1823 919 ἐν
1870 859 1904 938 ςᾶ

219 955 334 1008 ἐστι
373 956 434 1008 τὸ
474 958 656 1008 ΒΗΓ
692 964 896 1026 τμῆμα,
953 956 1013 1009 ἐν
1059 958 1237 1029 τούτῳ
1284 954 1375 1009 καὶ
1416 958 1476 1009 τὸ
1522 964 1619 1025 τῆς
1657 957 1904 1025 σφαίρας.

220 1044 710 1114 ἀπολαμβάνουσιν
749 1047 856 1116 ἄρα
896 1047 1124 1098 ἔλαττον
1162 1045 1544 1115 ἡμισφαιρίου.

1018 1214 1085 1262 κη
1113 1235 1124 1246 .

328 1298 654 1367 Κυλίνδρου
694 1297 1132 1366 ὁπωσδήποτοῦν
1178 1296 1287 1350 ὑπὸ
1335 1294 1458 1360 ἑνὸς
1496 1298 1736 1366 ὄμματος
1774 1297 1904 1364 ὁρω-

218 1384 389 1455 μένου
429 1388 656 1440 ἕλαττον
694 1385 1123 1456 ἡμικυλινδρίου
1163 1386 1487 1456 ὀφθήσεται.

330 1478 467 1530 ἔστω
507 1477 820 1547 κύλινδρος,
860 1472 928 1529 οὗ
967 1478 1104 1529 ἔστω
1136 1473 1369 1543 κέντρον
1399 1483 1496 1544 τῆς
1526 1475 1738 1544 βάσεως
1768 1476 1830 1529 τὸ
1859 1480 1904 1529 Α

219 1575 471 1634 σημεῖον,
518 1564 610 1618 καὶ
648 1565 1080 1636 περιγεγράφθω
1119 1562 1245 1634 περὶ
1283 1565 1345 1617 τὸ
1385 1570 1438 1617 Λ
1483 1565 1683 1627 κύκλος
1723 1565 1752 1618 ὁ
1791 1566 1904 1636 ΒΓ,

217 1652 310 1707 καὶ
339 1657 547 1708 κείσθω
578 1655 673 1724 ὄμ-

218 1763 293 1812 μα
324 1744 386 1796 τὸ
417 1748 473 1796 Δ
505 1743 566 1796 ἐν
596 1751 672 1815 τῷ

219 1831 368 1903 αὐτῷ
437 1830 674 1904 ἐπιπέδῳ

218 1923 472 1989 κείμενον
492 1927 557 1990 τῇ
582 1920 677 1989 βοί-

219 2023 302 2062 σει
348 2017 449 2062 τοῦ
487 2011 676 2062 κυλίν-

218 2099 359 2169 δρου
420 2106 486 2169 τῇ
542 2100 675 2166 ΒΓ,

218 2185 311 2239 καὶ
364 2187 672 2256 ἐπεζεύχθω

220 2275 327 2330 ἀπὸ
359 2283 459 2328 τοῦ
490 2280 546 2328 Λ
585 2274 675 2329 ἐπὶ

219 2366 280 2418 τὸ
338 2370 393 2417 A
452 2363 485 2433 ἡ
539 2370 673 2433 ΛΑ,

218 2452 310 2506 καὶ
364 2454 631 2522 ἤχθωσαν
684 2452 790 2506 ἀπὸ
838 2461 936 2505 τοῦ
985 2458 1040 2506 Δ
1094 2453 1310 2516 ἀκτῖνες
1356 2453 1418 2506 αἱ
1459 2457 1596 2521 ΔΒ,
1636 2455 1763 2522 ΔΓ,
1816 2449 1904 2506 καὶ

219 2541 659 2611 ἐφαπτέσθωσαν
704 2549 804 2595 τοῦ
850 2542 1081 2610 κύκλου,
1131 2540 1223 2595 καὶ
1270 2541 1607 2610 ἀνήχθωσαν
1645 2540 1750 2594 ἀπὸ
1797 2549 1904 2596 τῶν

221 2635 285 2699 Β,
328 2634 382 2684 Γ
421 2634 662 2700 σημείων
706 2632 845 2701 πρὸς
883 2631 1060 2701 ὀρθὰς
1097 2629 1332 2701 πλευραὶ
1370 2638 1469 2684 τοῦ
1508 2631 1812 2700 κυλίνδρου
1851 2628 1904 2696 αἱΙ

221 2724 350 2788 ΒΕ,
393 2722 518 2789 ΓΖ,
564 2719 656 2773 καὶ
711 2719 1062 2789 ἐκβεβλήσθω
1117 2722 1179 2773 τό
1234 2739 1292 2772 τε
1346 2719 1440 2771 διὰ
1486 2728 1597 2772 τῶν
1642 2722 1770 2787 ΔΒ,
1801 2717 1904 2771 ΒΕ

340 2871 380 2909 2.
416 2865 603 2910 ἔλαττον
626 2866 750 2922 Vat„
785 2879 931 2922 comp.
949 2865 1000 2909 B.
1095 2870 1134 2910 3.
1170 2858 1466 2923 ἐκβεβλήσθω
1490 2865 1651 2920 Vat.v‚
1685 2878 1831 2920 comp.
1852 2861 1904 2906 B.

279 2929 322 2968 4.
357 2929 408 2981 Γ,
437 2929 495 2981 Η,
523 2926 579 2984 Β]
607 2929 751 2970 ΓΒΗ
770 2941 830 2969 m.
923 2923 1061 2981 μέτρη
1085 2925 1209 2981 Vat„
1234 2938 1347 2969 corr.
1366 2939 1426 2968 m.
1446 2929 1485 2968 2.
1580 2928 1620 2967 5.
1649 2923 1839 2967 ἔλασσον
1861 2934 1904 2978 v,
