1904 3184
692 65 1160 120 RROLEGOMENA.
1673 61 1780 109 LIII

83 187 266 232 minora
297 188 346 235 81
375 185 531 229 minus
563 183 815 240 distantia,
856 197 884 227 a
915 181 1136 228 concauis
1168 180 1357 226 omnino
1388 180 1779 241 magnitudine*),

39 254 57 306 :3
78 253 480 312 quemadmodum
512 251 887 296 demonstratum
918 252 1003 295 est.

203 335 260 366 ex
298 319 519 365 concauis
560 317 762 376 speculis
811 317 872 361 ad
917 317 1067 361 solem
1103 317 1272 376 positis
1312 317 1471 375 ignem
1510 317 1778 362 accendere.

81 390 186 432 esto
233 401 492 432 concauum
537 384 780 443 speculum
818 386 940 443 aby,
990 385 1061 428 sol
1102 398 1214 430 uero
1254 386 1369 441 mle,
1418 386 1641 428 centrum·
1668 398 1779 429 uero

81 454 263 512 speculi
292 461 325 511 t,
357 456 407 498 et
437 453 498 498 ab
530 452 690 509 aliquo
720 454 897 509 puncto
930 451 1043 496 solis
1074 453 1130 495 ut
1155 454 1187 498 d
1217 451 1473 509 coniugata
1505 464 1644 508 super
1674 464 1782 495 cen-

83 524 209 566 trum
230 522 332 567 (11εὸ
362 522 494 565 recta
523 520 755 564 trahatur.
802 517 985 562 incidat
1010 520 1169 562 autem
1191 520 1259 578 dy
1287 517 1449 563 radius
1481 519 1530 562 et
1551 517 1780 575 refringa-

39 591 60 612 “·’
81 591 162 634 tur
192 602 331 646 super
358 589 400 633 k.
454 601 551 632 non
582 589 742 631 autem
770 584 1055 642 refringetur
1087 598 1226 642 super
1249 586 1460 629 centrum
1490 590 1521 630 t.
1579 583 1780 642 angulus

41 671 57 690 J
81 655 210 700 enim
239 657 259 699 i
264 655 429 714 9ἀ**),
475 653 558 710 qui
597 656 671 698 est
709 653 771 697 ad
806 650 1255 709 circumferentiam,
1302 650 1455 696 minor
1493 652 1566 695 est
1605 651 1779 709 angulo

52 731 56 733 “
81 721 376 768 semicirculi.
425 724 474 765 et
497 723 598 766 esto
622 723 688 767 ab
717 717 940 778 periferia
964 717 1146 774 equalis
1171 720 1235 777 by
1263 717 1495 775 periferie,
1528 720 1577 773 et
1599 717 1781 763 incidat

35 799 45 820 .-
83 789 206 838 alius
244 788 406 833 radius
445 789 526 833 da.
604 787 911 832 manifestum
950 788 1023 830 881
1060 785 1228 843 igitur,
1277 785 1406 842 quod
1444 787 1514 831 da
1551 785 1780 830 refractus

80 855 243 900 ueniet
281 868 420 912 super
455 855 509 910 k3
557 852 798 910 equalium
837 852 963 897 enim
1000 852 1327 910 periferiarum
1366 852 1593 897 eiusdem·
1617 852 1781 897 circuli

81 922 274 979 equales
314 923 425 965 sunt
463 920 641 979 anguli.
721 919 939 964 similiter
987 922 1145 963 autem
1185 918 1604 976 demonstrabitur,
1653 919 1781 976 quod

81 1002 243 1035 omnes
274 987 397 1033 radii
430 1002 459 1032 a
487 990 664 1045 puncto
689 989 720 1033 d
753 985 942 1044 speculo
975 984 1237 1030 incidentes
1268 985 1512 1042 inequales
1535 985 1781 1043 periferias

80 1055 486 1113 deprehendentes
519 1054 644 1099 circa
673 1056 854 1098 rectam
883 1055 937 1098 tb
974 1052 1167 1097 refracti
1207 1052 1476 1097 coincident
1505 1052 1556 1097 in
1587 1052 1782 1110 aliquod

56 1119 57 1123 ’
81 1121 209 1167 idem
238 1124 467 1179 punctum
496 1123 623 1166 recte
654 1123 721 1166 tb.
777 1122 878 1164 esto
910 1134 1070 1164 rursus
1103 1134 1363 1164 concauum
1393 1119 1635 1177 speculum
1666 1122 1731 1166 ba
1737 1136 1779 1180 9,

81 1188 155 1233 sol
194 1201 305 1232 uero
347 1190 463 1245 dze,
512 1190 561 1232 et
600 1187 661 1232 ab
702 1186 861 1243 aliquo
901 1188 1078 1243 puncto
1118 1186 1231 1231 solis
1262 1189 1318 1230 ut
1347 1202 1369 1232 e
1407 1201 1490 1244 per
1520 1193 1540 1232 t
1570 1189 1783 1232 centrum

80 1258 184 1301 esto
215 1254 376 1299 radius
408 1257 516 1311 etb,
557 1257 605 1299 et
637 1254 697 1298 ab
731 1253 839 1298 aliis
874 1252 1057 1298 scilicet
1087 1255 1119 1298 d
1141 1268 1166 1299 z
1198 1253 1293 1297 sint
1319 1253 1443 1297 radii
1475 1255 1569 1313 dtq
1599 1257 1648 1299 et
1677 1261 1782 1301 κτα.

80 1325 132 1368 81
154 1322 379 1379 quoniam
402 1335 563 1367 omnes
586 1321 710 1366 radii
736 1322 1036 1365 transeuntes
1059 1333 1143 1377 per
1160 1322 1371 1364 centrum
1386 1319 1568 1364 faciunt
1591 1320 1781 1377 equales

82 1389 282 1447 angulos
308 1389 371 1434 ad
393 1388 677 1447 periferiam,
709 1402 794 1445 pro
804 1390 852 1445 †)
885 1401 939 1432 eo
965 1386 1202 1445 scilicet†)
1226 1387 1353 1461 quod
1375 1386 1560 1432 faciunt
1584 1388 1782 1446 angulos

82 1456 496 1513 semicirculorum,
531 1469 691 1500 omnes
723 1454 1044 1512 refringuntur
1075 1467 1214 1511 super
1238 1467 1286 1498 se
1310 1453 1438 1511 ipsos
1471 1455 1533 1498 ad
1556 1457 1782 1501 centrum.

80 1523 176 1569 hiis
224 1537 335 1581 ergo
373 1522 520 1568 radiis
558 1536 643 1580 per
680 1536 933 1567 concursus
974 1521 1036 1565 ad
1076 1520 1276 1565 eandem
1312 1523 1497 1578 partem
1539 1521 1782 1566 calefactis

16 1594 20 1630 ι’
84 1589 210 1649 131118
243 1589 528 1635 accenditur.

201 1657 402 1702 eandem
439 1656 587 1701 citare
624 1656 815 1700 uidetur
853 1655 1064 1713 Rogerus
1103 1654 1228 1698 Baco
1271 1652 1354 1710 Op.
1387 1652 1496 1698 mai.
1528 1668 1574 1710 p.
1608 1658 1687 1699 51:
1735 1656 1784 1698 et

80 1724 191 1773 ideo
223 1726 422 1782 oportet,
453 1725 509 1768 ut
541 1723 730 1781 speculo
763 1736 970 1768 concauo
1003 1721 1066 1765 ad
1097 1720 1244 1765 solem
1273 1718 1430 1777 posito
1462 1718 1587 1777 ignis
1620 1734 1783 1765 accen-

80 1791 244 1848 datur,
285 1790 408 1835 sicut
446 1789 564 1835 dicit
602 1790 772 1834 ultima
801 1787 1062 1847 propositio
1093 1787 1206 1832 libri
1237 1787 1296 1832 (18
1329 1786 1553 1844 speculis;
1592 1803 1637 1845 p.
1672 1791 1782 1834 308:

82 1857 274 1915 speculo
298 1870 506 1901 concauo
532 1856 593 1901 ad
609 1855 757 1901 solem
778 1855 934 1913 posito
958 1855 1083 1913 131118
1101 1854 1385 1911 accenditur,
1411 1856 1465 1898 ut
1482 1853 1600 1899 dicit
1614 1853 1785 1899 ultima

77 1924 343 1983 propositio
376 1923 435 1968 de
467 1922 684 1980 speculis,
717 1922 900 1967 scilicet
930 1922 981 1966 in
1010 1923 1186 1979 puncto
1219 1919 1335 1978 aXiS,
1369 1921 1431 1965 ad
1462 1934 1602 1976 quem
1623 1920 1783 1965 reflec-

82 1993 248 2036 tuntur
279 2004 439 2036 omnes
470 1989 594 2034 radii
625 1989 998 2034 circumferentie
1029 1987 1168 2033 unius
1201 1987 1386 2044 circuli3
1418 1987 1544 2032 unde
1577 1987 1618 2032 si
1642 1990 1782 2045 stupa

28 2070 29 2074 ’
82 2058 163 2103 1181
194 2057 327 2103 aliud
358 2055 690 2102 combustibile
722 2059 1007 2114 apponatur,
1049 2055 1148 2100 sole
1186 2054 1373 2100 fortiter
1409 2054 1627 2099 radiante
1659 2069 1783 2099 com-

13 2166 18 2172 .
84 2124 190 2169 buri
228 2126 388 2182 potest
426 2123 477 2168 in
506 2126 682 2182 puncto
722 2122 820 2169 1110.
884 2124 967 2169 sed
996 2122 1217 2168 Euclides
1251 2122 1309 2166 de
1342 2121 1543 2179 speculis
1576 2121 1620 2166 ei
1653 2121 1784 2166 aliud

83 2205 202 2250 opus
234 2194 328 2248 est;
362 2205 407 2236 u.
431 2206 477 2248 p.
503 2195 613 2237 309:
646 2190 785 2235 docet
814 2190 942 2235 enim
963 2189 1184 2235 Euclides
1216 2188 1266 2233 in
1298 2193 1354 2233 33
1378 2188 1700 2246 propositione
1725 2188 1783 2232 de

12 2278 20 2321 g
82 2258 287 2316 speculis
335 2257 403 2302 sic
442 2257 634 2316 figurari
674 2257 936 2315 speculum,
983 2259 1039 2301 ut
1077 2254 1382 2313 congregatio
1422 2254 1663 2300 radiorum
1700 2254 1785 2299 fiat

83 2327 197 2371 ante
228 2327 277 2369 et
307 2327 452 2382 retro,
487 2340 533 2382 p.
559 2328 669 2370 310:
702 2326 751 2369 et
782 2323 905 2369 sicut
936 2323 1055 2368 dicit
1084 2322 1304 2368 Euclides
1336 2321 1456 2366 libro
1490 2322 1548 2366 de
1580 2320 1782 2379 speculis

14 2391 29 2437 εἰ·
82 2394 136 2438 et
171 2391 400 2449 probatur
437 2390 488 2435 in
530 2396 554 2436 7
585 2390 928 2449 propositione,
976 2390 1128 2449 figura
1170 2388 1288 2433 lucis
1335 2390 1407 2433 est
1452 2387 1604 2432 maior
1641 2402 1784 2444 quam

14 2455 33 2514 ’ἱ
82 2457 322 2515 foramem
378 2458 459 2503 cfr.
506 2473 551 2515 p.
592 2463 704 2503 306.
694 2478 704 2488 ·
761 2460 810 2502 et
857 2457 981 2502 hanc
1027 2455 1357 2514 probationem
1403 2454 1601 2499 eandem
1647 2454 1784 2500 affert

16 2536 37 2591 ’ἦ
84 2522 304 2570 Euclides
345 2525 406 2569 ad
446 2530 471 2569 5
503 2524 875 2582 propositionem
918 2523 990 2568 sui
1030 2523 1141 2568 libri
1177 2522 1352 2580 (agitur
1391 2522 1448 2565 de
1481 2521 1687 2579 Catoptr.
1725 2524 1781 2579 1),

16 2596 33 2604 ''
82 2605 131 2650 p.
155 2597 264 2638 330·
295 2591 514 2636 Euclides
547 2592 686 2636 docet
716 2590 916 2649 figurare
949 2589 1204 2648 speculum,
1238 2589 1364 2646 quod
1396 2587 1641 2633 comburat
1672 2590 1782 2633 ante

17 2656 39 2710 ἶ
85 2661 138 2709 et
172 2661 309 2704 retro.
373 2672 459 2703 nec
498 2658 720 2703 Albertus
751 2658 953 2715 Magnus
991 2659 1204 2702 nostrum
1243 2671 1359 2714 opus
1401 2654 1461 2700 ob
1501 2654 1662 2700 oculos
1700 2649 1785 2700 ha-

19 2830 23 2837 ·
90 2837 96 2845 .
164 2814 171 2820 ·
205 2800 245 2855 ⁸)
276 2813 424 2856 comp.
458 2798 913 2856 ᾶ111>111111.**)
944 2799 1014 2857 qd
1041 2799 1153 2857 post
1183 2811 1288 2854 raa,
1322 2798 1341 2841 i
1373 2795 1479 2841 add.
1514 2811 1605 2854 mg.

197 2863 246 2916 †)
277 2872 426 2917 comp.
459 2858 569 2904 dub.
