1904 3184
743 99 1131 144 CATOPTRICA.
1667 100 1777 154 335

8 198 18 299 ἐ
85 217 601 288 perpendiculariter
647 220 817 288 secat,
868 218 920 271 h.
954 238 995 272 e.
1042 220 1101 272 in
1142 224 1266 274 AA.
1356 220 1468 274 iam
1523 222 1778 291 quoniam

9 322 17 392 '⁴
84 309 282 360 ΒΓ--
309 310 438 377 ΒΖ,
484 309 686 360 Po=
713 310 841 377 ΖΘ,
893 311 1008 361 ΒΓ
1037 312 1092 362 et
1134 313 1240 363 ΖΘ
1275 309 1564 380 parallelae
1604 315 1775 365 erunt.

401 445 465 484 P
847 396 1033 466 itaque
1086 398 1269 452 radius
1324 402 1442 452 ΒΓ
1490 417 1602 453 non
1656 418 1778 454 con-

15 492 18 500 ·
851 490 1030 539 curret
1075 491 1253 540 rectae
1300 506 1328 541 e
1368 491 1553 542 centro
1601 489 1670 542 ad
1705 488 1778 560 id,

93 599 149 651 A
601 649 692 654 —
709 599 747 652 Δ
852 575 995 644 quod
1049 576 1310 648 cernitur,
1363 578 1576 649 ductae,
1629 577 1683 631 h.
1731 597 1774 631 e.

123 663 146 805 ξ
276 657 413 776 ΒΧ
510 661 558 702 Θ
693 649 748 773 Χ
853 667 980 734 ΖΘ,
1027 665 1093 717 ad
1136 669 1319 734 partes
1370 670 1439 734 Θ,
1481 669 1536 719 Γ
1571 685 1774 720 uersus,

14 811 18 828 ὅ
401 700 439 855 ΖΙ
850 770 979 823 ergo
1028 754 1216 807 oculus
1267 758 1315 808 Θ
1365 773 1477 809 non
1531 756 1774 828 adparet3

849 842 1142 912 adparebat
1181 843 1325 898 em’m
1362 844 1421 897 in
1460 863 1524 898 eo
1554 848 1773 916 punct0‚

18 962 24 989 f
77 932 175 986 ubi
213 935 332 1003 ΒΓ,
363 930 471 985 ΖΘ
509 934 901 985 concurrerent.

190 1055 377 1090 rursus
403 1036 588 1089 eadem
613 1035 740 1106 sint,
771 1035 914 1089 oculi
938 1039 1120 1089 autem
1144 1039 1209 1107 Β,
1233 1039 1287 1090 Γ
1309 1055 1472 1106 supra
1494 1035 1772 1108 punctum,

78 1125 175 1180 ubi
212 1125 395 1179 radius
434 1124 492 1178 in
523 1126 655 1178 duas
694 1128 878 1194 partes
911 1125 1160 1194 aequales
1194 1130 1424 1197 secatur,
1459 1127 1628 1197 positi
1660 1127 1772 1182 sint

19 1233 21 1249 ¹
78 1215 379 1285 acqualiter
425 1234 458 1268 a
500 1214 653 1268 radio
696 1218 805 1267 ZA
851 1214 1127 1268 distantes.
1208 1215 1350 1284 dieo,
1405 1219 1452 1268 Β
1499 1219 1555 1269 et
1595 1219 1650 1270 Γ
1686 1217 1773 1271 ad-
1858 1241 1860 1245 ¹

16 1283 22 1323 ¹.
826 1322 1040 1374 parere,
1093 1307 1148 1357 et
1195 1308 1378 1374 partes
1433 1306 1648 1359 dextras
1703 1305 1772 1359 si-

824 1392 1042 1463 nistrae,
1066 1393 1313 1447 sinistras
1338 1397 1520 1447 autem
1541 1395 1772 1466 dextrae,

826 1486 881 1534 et
945 1482 1239 1553 imaginem
1308 1482 1446 1536 facie
1511 1484 1771 1538 maiorem
1843 1544 1846 1552 J

824 1571 1189 1641 maioremque
1236 1591 1268 1625 a
1306 1572 1524 1641 speculo
1569 1558 1770 1626 distan-

824 1660 958 1713 tiam
996 1661 1302 1714 habentem.
1373 1660 1445 1714 sit
1484 1661 1628 1714 enim
1667 1665 1772 1716 BA

823 1749 1003 1803 radius
1058 1749 1322 1803 refractus
1331 1793 1346 1820 ‚
1406 1753 1460 1803 et
1506 1769 1537 1802 a
1583 1754 1769 1804 centro

826 1842 872 1892 Z
941 1839 1008 1891 ad
1068 1842 1140 1909 Β,
1195 1841 1249 1891 Γ
1315 1839 1580 1892 ducantur
1644 1843 1767 1910 ΖΒ,

827 1930 949 1998 ΖΓ,
1004 1931 1058 1981 et
1095 1928 1425 1997 producatur
1464 1931 1581 1981 BA.
1658 1929 1768 1982 iam

825 2015 1081 2085 quoniam
1123 2016 1181 2069 in
1215 2021 1280 2070 N
1316 2017 1376 2070 in
1415 2018 1547 2070 duas
1584 2020 1770 2087 partes

26 2106 32 2134 ²
72 2100 327 2171 aequales
367 2106 515 2156 secta
558 2107 642 2156 est
681 2108 815 2175 AZ,
870 2104 973 2158 erit
1019 2109 1203 2166 BZ>
1231 2109 1335 2159 BA
1388 2108 1443 2159 et
1488 2108 1679 2168 LK>
1703 2110 1768 2160 E.

8 2222 10 2228 ,
91 2207 265 2244 erum
302 2196 338 2254 L
362 2194 421 2244 K
441 2218 511 2236 =
535 2197 613 2264 Δ,
661 2211 825 2263 quare
866 2194 1030 2247 etiam
1069 2199 1182 2257 LA
1204 2203 1260 2255 >
1286 2198 1349 2247 E.
1426 2194 1609 2264 itaque
1651 2198 1769 2266 ZB,

25 2295 34 2350 ζ
75 2281 178 2334 ΓΑ
219 2281 514 2351 productae
560 2286 895 2336 concurrent.
974 2286 1296 2336 concurrant
1333 2283 1390 2336 in
1430 2287 1501 2336 H.
1579 2284 1767 2338 eadem

26 2361 35 2426 ’ᾖ
71 2359 140 2422 fide
185 2387 347 2424 causa
392 2369 558 2424 etiam
604 2374 730 2442 BA,
773 2374 883 2425 ΖΓ
927 2371 986 2424 in
1027 2375 1076 2425 Θ
1121 2375 1455 2426 concurrent.
1490 2437 1493 2439 Α
1548 2390 1678 2444 ergo
1721 2375 1775 2427 Γ

32 2471 117 2504 ’·-··
187 2462 236 2512 Θ
285 2463 557 2530 cernetur,
610 2463 658 2513 Β
714 2464 896 2514 autem
951 2461 1005 2513 in
1058 2464 1142 2532 Π,
1203 2464 1257 2514 et
1309 2464 1491 2531 partes
1547 2461 1765 2516 dextrae

14 2558 21 2564 ’
69 2571 92 2590 >2
138 2572 145 2593 ι
165 2545 326 2602 ‘strae
366 2548 641 2619 adparent,
681 2549 932 2603 sinistrae
972 2554 1154 2604 autem
1193 2550 1426 2604 dextrae.
1494 2550 1604 2605 iam
1635 2569 1765 2606 uero

68 2633 239 2700 ftiam
281 2639 401 2690 ΘΠ
418 2646 473 2698 >
498 2640 631 2707 ΒΓ;
678 2642 806 2691 sunt
846 2638 990 2692 enim
1028 2638 1334 2707 parallelae.
1412 2658 1542 2711 ergo
1581 2639 1764 2712 imago

4 2884 5 2887 ,
82 2842 110 2887 2·
161 2838 222 2896 δή
251 2838 314 2885 Μ.
407 2844 563 2899 μεῖζον
595 2858 637 2888 v.
731 2847 802 2891 20.
834 2850 916 2888 τοῦ
935 2844 1058 2903 (pr.)]
1091 2857 1203 2888 corr.
1231 2856 1286 2888 ex
1317 2843 1368 2889 τό
1401 2844 1461 2890 Μ.
1555 2848 1625 2890 22,
1651 2843 1762 2905 μήν]

193 2898 256 2944 Μ.
380 2902 502 2961 on]
536 2904 634 2949 He
663 2917 722 2948 m.
