1904 3184
376 96 726 139 omcomm
755 97 1054 140 RECENSIO
1086 80 1364 142 Tnsoms‘.
1611 98 1713 151 171

832 232 915 284 12.

138 319 598 391 Magnitudinum‚
655 338 790 390 quae
838 320 906 372 ad
950 324 1134 390 partes
1182 322 1479 376 anteriores
1526 341 1716 377 uersus

47 409 420 481 ongitudinem
449 408 669 478 habent,
709 427 787 478 ea,
818 427 955 477 quae
988 410 1056 462 ad
1087 410 1330 464 dextram
1361 411 1543 482 posita
1575 416 1716 482 sunt,

134 501 345 568 partem
384 497 663 551 sinistram
703 498 889 551 cedere
928 497 1205 570 uidentur,
1251 519 1389 570 quae
1429 504 1609 555 autem
1651 502 1718 555 ad

56 587 70 600 ‘
114 587 303 641 ‘stram
340 587 523 656 posita
561 590 702 657 sunt,
741 587 809 640 ad
845 591 1058 657 partem
1097 589 1355 644 dextram.

139 680 428 731 cernantur
467 676 611 730 enim
650 679 776 746 ΒΓ,
809 681 865 729 A
876 680 944 747 Z,
991 678 1176 731 oculus
1224 682 1407 733 autem
1454 679 1526 733 sit
1565 683 1640 751 Κ,
1687 699 1719 733 a

60 784 132 820 uo
169 765 307 819 radii
346 765 598 819 adcidant
632 768 757 836 ΚΓ,
787 769 918 836 ΚΑ,
950 770 1075 836 ΚΒ,
1107 770 1231 839 ΚΖ,
1263 771 1397 839 ΚΗ,
1429 772 1558 822 ΚΔ.
1619 769 1720 823 ita-

101 874 129 909 e
173 859 437 925 punctum
482 860 537 908 A
591 856 657 908 ad
702 859 885 925 partes
934 856 1182 909 sinistras
1231 858 1456 911 cessisse
1502 858 1718 912 uidetur

30 943 203 1016 magis
242 963 406 1015 quam
443 947 515 997 H.
593 944 845 998 similiter
892 949 1074 998 autem
1121 946 1287 999 etiam
1325 950 1372 999 Β
1421 948 1488 1000 ἃᾶ
1533 951 1715 1018 partes

28 1032 241 1088 dextras
282 1033 508 1087 cessisse
547 1033 763 1086 uidetur
802 1034 978 1105 magis
1020 1054 1182 1104 quam
1214 1041 1280 1089 A.
1344 1055 1473 1108 ergo
1513 1038 1721 1109 magni-

27 1122 298 1193 tudinum,
351 1141 485 1192 quae
541 1123 608 1176 ad
653 1127 835 1193 partes
891 1123 1189 1178 anteriores
1236 1144 1426 1179 uersus
1479 1126 1717 1198 longitu-

29 1210 208 1277 dinem
245 1211 473 1283 habent,
519 1231 602 1282 ea,
651 1231 786 1282 quae
835 1213 902 1265 ad
941 1213 1186 1267 dextram
1231 1215 1413 1284 posita
1452 1219 1602 1287 sunt,
1649 1216 1718 1269 ad

25 1305 235 1373 partem
293 1300 570 1354 sinistram
626 1302 811 1355 cedere
866 1301 1140 1372 uidentur,
1205 1322 1341 1373 quae
1404 1308 1587 1358 autem
1650 1306 1717 1358 ad

27 1388 304 1493 {inistram
342 1391 524 1460 posita
564 1395 712 1462 sunt,
753 1392 819 1444 ad
857 1395 1070 1461 partem
1109 1393 1367 1447 dextram.

836 1527 918 1579 13.

13 1596 54 1677 ζ’
143 1613 583 1686 Magnitudinum
645 1615 953 1684 aequalium
1023 1616 1122 1669 sub
1195 1617 1351 1670 oculo
1413 1617 1719 1687 positarum

25 1701 434 1774 longinquiores
476 1703 819 1757 sublimiores
862 1705 1135 1774 adparent.

1720 1500 1757 1541 Ο

744 1884 1147 1954 magnitudines
1172 1886 1423 1955 aequales
1449 1886 1548 1939 sub
1569 1885 1723 1939 oculo

745 1977 808 2026 N
838 1974 1066 2045 positae,
1105 1978 1159 2028 et
1192 1975 1259 2028 ab
1292 1979 1357 2028 N
1391 1974 1547 2028 oculo
1587 1974 1723 2027 radii

745 2062 998 2116 adcidant
1043 2067 1180 2134 ΒΝ,
1226 2068 1363 2134 ΝΔ,
1404 2067 1536 2117 ΝΚ.
1627 2063 1727 2116 ita-

746 2170 848 2221 que
902 2156 967 2205 N
976 2155 1023 2205 Β
1089 2153 1310 2222 reliquis
1374 2152 1538 2206 radiis
1602 2152 1724 2205 sub-

745 2239 927 2294 limior
973 2245 1078 2313 est3
1136 2261 1300 2311 quare
1348 2241 1512 2295 etiam
1560 2259 1724 2311 punc-

744 2332 863 2382 tum
902 2334 965 2383 Β.
1052 2330 1236 2400 itaque
1284 2333 1400 2384 ΒΓ
1441 2329 1726 2383 sublimior

745 2419 967 2488 adparet
1007 2438 1168 2489 quam
1208 2424 1263 2473 Δ
1275 2423 1343 2490 Ζ,
1382 2424 1436 2472 Δ
1449 2423 1495 2472 Ζ
1541 2422 1724 2471 autem

37 2522 198 2577 quam
228 2512 354 2563 KA.
432 2527 562 2581 ergo
603 2508 1038 2579 magnitudinum
1079 2508 1387 2578 aequalium
1428 2508 1527 2561 sub
1563 2507 1718 2561 oculo

34 2596 329 2666 positarum
367 2598 775 2670 longinquiores
815 2597 1158 2651 sublimiores
1200 2598 1472 2667 adparent.

840 2716 917 2769 14.

146 2802 580 2877 Magnitudinum
620 2805 927 2876 aequalium
968 2824 1130 2875 supra
1170 2806 1386 2859 oculum
1418 2805 1721 2875 positarum

37 2885 439 2964 longinquiores
479 2895 821 2949 demissiores
862 2894 1136 2964 adparent.

864 1793 974 1847 sint
1035 1794 1180 1848 enim
1241 1798 1370 1866 ΒΓ,
1423 1800 1557 1866 ΛΖ,
1610 1798 1725 1848 ΚΛ
1782 1868 1784 1870 „
1888 1762 1890 1764 V
