1904 3184
117 1689 173 1729 10

119 2148 173 2188 15

203 99 312 152 352
664 102 925 146 SCHOLIA
953 106 1020 147 m
1051 105 1438 149 CAToermA.

205 223 344 272 ΣΚ·
400 222 462 274 αἱ
503 223 607 293 γὰρ
654 227 853 291 γωνίαι
905 225 1005 278 τὸν
1051 225 1222 279 αὐτὸν
1276 227 1444 293 λόγον
1498 227 1719 295 ἔχουσιν
1773 234 1892 287 ταῖς

204 313 600 383 περιφερείαις,
653 315 728 378 ὡς
766 314 825 367 έν
864 322 939 386 τῷ
982 312 1035 370 ς’
1075 324 1186 368 τῶν
1225 318 1511 384 στοιχείων
1558 313 1702 384 [33]·
1758 313 1889 382 ὅπερ

438 501 1675 938 W.

207 1039 500 1094 ἀδύνατον.
577 1045 764 1113 πολλῷ
805 1036 865 1093 δὲ
903 1037 1072 1093 πλέον
1118 1036 1249 1093 οὐδὲ
1293 1039 1446 1102 ε’κτὸς
1484 1047 1892 1109 συμπεσοῦνται

206 1129 281 1193 ὡς
319 1128 408 1183 ἐπὶ
446 1137 542 1199 τῆς
579 1128 636 1198 β’
668 1136 1044 1199 καταγραφῆς·
1085 1133 1271 1201 πολλῷ
1311 1129 1415 1199 γὰρ
1455 1130 1516 1182 τὸ
1557 1129 1850 1182 ἀδύνατον.

322 1234 404 1287 18.
458 1232 615 1301 Αὕτη
655 1232 688 1301 ἡ
727 1234 1053 1303 καταγραφὴ
1102 1232 1169 1286 οὐ
1211 1233 1348 1286 κατὰ
1387 1232 1453 1285 τὰ
1493 1231 1895 1303 ἀποδειχθέντα

207 1319 358 1376 ἐστὶν
413 1321 829 1392 ἐκβαλλομένων
881 1331 992 1375 τῶν
1046 1323 1229 1386 ὄψεων
1282 1320 1374 1375 καὶ
1420 1331 1533 1375 τῶν
1580 1320 1894 1392 ὁρωμένων,

205 1409 336 1464 οὐδὲ
374 1410 407 1480 ἡ
447 1419 548 1464 τοῦ
586 1413 826 1481 βιβλίου,
865 1411 1004 1465 ἀλλὰ
1043 1411 1182 1480 αὕτη
1221 1412 1358 1465 κατὰ
1397 1412 1458 1465 τὸ
1499 1410 1558 1464 ἐν
1590 1421 1705 1475 τοῖς
1743 1411 1896 1481 ὅροις

206 1499 622 1571 ἐκβαλλομένων
661 1510 772 1554 τῶν
811 1502 994 1564 ὄψεων
1040 1498 1130 1553 καὶ
1170 1498 1424 1554 καθέτων
1463 1498 1748 1569 ἀγομένων
1787 1499 1892 1554 ἀπὸ

206 1597 318 1642 τῶν
358 1586 654 1659 ὁρωμένων
699 1586 792 1641 καὶ
832 1586 1271 1657 ἐκβαλλομένων,
1317 1589 1462 1641 καθὸ
1503 1587 1535 1656 ἡ
1576 1590 1894 1658 σύμπτωσις

203 1681 437 1747 γίνεται,
477 1676 773 1748 ὁρωμένων
810 1686 922 1730 τῶν
961 1675 1271 1748 ὁρωμένων.

310 1783 394 1836 19.
447 1783 711 1836 Δυνατὸν
750 1783 864 1849 καί,
905 1781 979 1844 ὡς
1018 1783 1125 1850 ἔχει
1165 1780 1198 1849 ἡ
1237 1783 1580 1852 καταγραφή,
1618 1783 1894 1852 προβῆναι

205 1867 531 1940 τὴνδεῖξιν.
594 1869 779 1938 ἐπειδὴ
821 1869 925 1939 γὰρ
966 1867 1211 1936 ἀνωτέρα
1253 1867 1402 1922 ε’στὶν
1432 1868 1464 1937 ἡ
1499 1873 1602 1922 BA
1641 1877 1737 1939 τῆς
1759 1873 1892 1923 ΒΓ·

205 1959 302 2012 ἐὰν
333 1960 437 2030 γὰρ
471 1960 693 2012 ἄνωθεν
725 1958 819 2011 διὰ
849 1958 1035 2011 αὐτῶν
1058 1957 1349 2028 ἀγάγωμεν
1372 1958 1628 2027 κάθετον,
1659 1961 1726 2012 τὰ
1755 1960 1904 2035 κατὰεἰ

203 2056 300 2117 τῆς
346 2052 458 2101 BA
503 2049 570 2101 τὰ
616 2047 863 2118 ἀνώτερά
911 2047 1025 2101 ε’στι
1071 2054 1168 2117 τῆς
1213 2045 1476 2101 καθέτου·
1539 2049 1600 2101 τὸ
1647 2047 1753 2102 ἀπὸ
1796 2037 1904 2117 τῆς

206 2136 482 2208 ἀνωτέρας
520 2137 825 2208 ὁρώμενον,
866 2137 896 2190 ὅ
936 2136 1049 2190 ε’στι
1088 2138 1149 2190 τὸ
1190 2142 1269 2205 Δ,
1307 2138 1369 2190 τὸ
1410 2136 1687 2207 ἀνώτερόν
1727 2136 1893 2191 ε’στιν.

316 2241 402 2295 20.
459 2239 570 2294 Καὶ
609 2249 773 2294 τοῦτο
814 2241 1014 2310 ὁμοίως
1052 2249 1126 2313 τῷ
1161 2239 1443 2311 ἀνωτέραν
1483 2237 1624 2294 εἶναι
1655 2242 1756 2310 τὴν
1788 2245 1894 2295 BA

204 2338 299 2399 τῆς
339 2333 454 2383 ΒΓ.
533 2330 629 2383 ἐὰν
669 2328 729 2383 δὲ
767 2331 904 2383 κατὰ
942 2331 1003 2383 τὸ
1044 2329 1105 2382 ἐν
1143 2339 1258 2393 τοῖς
1297 2330 1448 2400 ὅροις
1487 2329 1574 2383 ε’πὶ
1613 2339 1725 2383 τῶν
1760 2350 1892 2401 κυρ-

202 2429 337 2488 τῶν,
393 2420 481 2473 ὅτε
536 2419 766 2473 ἕκαστον
821 2429 931 2472 τῶν
978 2418 1274 2490 ὁρωμένων
1329 2419 1390 2472 ἐν
1443 2419 1630 2482 αὐτοῖς
1680 2420 1873 2490 ὁρᾶται

323 2586 390 2627 18.
424 2581 565 2639 V(q)3
600 2582 662 2626 ad
691 2597 820 2639 prop.
856 2587 894 2626 9.
996 2587 1063 2626 19.
1098 2581 1235 2639 V(q);
1269 2581 1330 2625 ad
1362 2580 1504 2626 schol.
1537 2595 1604 2625 nr.
1642 2585 1708 2626 18.
1816 2585 1874 2625 20

202 2641 338 2699 V(q);
371 2641 434 2685 ad
463 2656 593 2698 prop.
630 2646 698 2687 10.

320 2795 360 2834 4.
401 2790 661 2848 ἀδύνατον]
696 2803 755 2835 sc.
783 2791 950 2846 μεῖζον.
1069 2794 1106 2834 7.
1140 2787 1275 2848 ἀλλά]
1310 2803 1397 2833 om.
1431 2804 1473 2845 q.
1597 2793 1636 2834 8.
1672 2788 1865 2847 ἐκβαλλο

204 2849 376 2908 μένων]
402 2864 446 2905 q,
480 2846 799 2907 ἐβαλλομένων
815 2850 870 2894 V.
967 2853 1034 2893 12.
1068 2846 1297 2907 ἀνωτέρα]
1323 2848 1502 2904 ἀνωτεό
1517 2848 1572 2905 V,
1611 2845 1877 2904 o'cvme'pmq

264 2913 331 2954 14.
365 2909 596 2967 ἀνώτερα]
626 2909 806 2963 ἀνωτεξ
828 2909 883 2965 V,
917 2906 1132 2964 ἀνωτέρω
1164 2923 1207 2964 q.
