1904 3184
186 124 254 177 16
752 122 1036 166 EUGLIDIS
1068 122 1300 165 οΡΤῙοΑ.

181 246 320 317 πρὸς
357 246 459 314 τὴν
497 248 610 297 ΕΔ
655 246 876 313 μείζονα
922 243 1091 309 λόγον
1137 243 1244 310 ἔχει
1293 242 1430 311 ἤπερ
1477 239 1510 308 ἡ
1549 239 1658 294 ὑπὸ
1698 243 1874 294 ΗΕΘ

182 336 359 403 γωνία
389 333 527 403 πρὸς
564 333 665 401 τὴν
703 331 811 384 ὑπὸ
846 333 1024 383 ΖΕΘ.
1085 327 1178 382 καὶ
1210 329 1268 382 ἐκ
1299 325 1400 398 μὲν
1431 336 1527 397 τῆς
1556 328 1664 382 ὑπὸ
1698 332 1874 382 ΗΕΘ

182 426 389 491 γωνίας
426 420 680 491 βλέπεται
721 420 782 472 τὸ
817 421 933 487 ΓΛ,
973 418 1031 472 ἐκ
1071 415 1132 471 δὲ
1168 426 1265 487 τῆς
1302 417 1410 470 ὑπὸ
1452 420 1615 470 ΖΕΘ
1653 419 1715 470 τὸ
1748 422 1872 471 ΑΒ.

185 512 287 565 οὐκ
334 511 611 578 ἀνάλογον
665 510 773 579 ἄρα
817 517 934 570 τοῖς
980 507 1359 576 ἀποστήμασιν
1413 506 1605 577 ὁρᾶται
1659 507 1727 558 τὰ
1782 511 1872 559 ἴσα

129 610 155 650 5
186 598 408 669 μεγέθη.

992 666 1073 721 θ’.

304 778 382 830 Τα
436 775 756 847 ὀρθογώνια
810 772 1017 843 μεγέθη
1081 770 1134 836 ἐξ
1190 771 1570 841 ἀποστήματος
1623 771 1874 842 ὁρώμενα

183 873 452 937 περιφερῆ
492 867 764 934 φαίνεται.

296 957 433 1008 ἔστω
481 954 587 1024 γαρ
627 952 978 1024 ὀρθογώνιον
1016 953 1077 1005 τὸ
1118 954 1230 1004 ΒΓ
1323 930 1379 979 B

97 1056 152 1096 10
185 1042 353 1106 ἑστὼς
406 1041 680 1114 μετέωρον
736 1041 788 1106 ἐξ
843 1042 1223 1110 ἀποστήματος
1374 1002 1451 1080 s
1692 1001 1797 1091 ·Ὶ

185 1133 483 1204 ὁρώμενον.
559 1132 791 1200 οὐκοῦν,
836 1129 950 1185 ἐπεὶ
990 1129 1221 1182 ἕκαστον

184 1232 296 1275 τῶν
331 1220 628 1292 ὁρωμένων
659 1223 767 1290 ἔχει
798 1240 851 1273 τι
887 1227 1057 1290 μῆκος
1088 1219 1220 1272 ἀπο·
1817 1216 1863 1268 Ζ

186 1313 483 1380 στήματος,
553 1306 621 1363 οὗ
678 1312 977 1379 γενόμενον
1039 1307 1222 1362 οὐκέτι
1722 1270 1796 1344 A

186 1399 403 1469 ὁρᾶται,
450 1398 483 1467 ἡ
531 1396 631 1468 μὲν
672 1401 725 1451 Γ
762 1400 868 1469 ἄρα
906 1401 1082 1467 γωνία
1121 1398 1223 1467 οὐχ
1650 1358 1704 1401 Δ
1790 1346 1851 1393 Γ
1902 1423 1904 1425 ·

99 1500 154 1540 15
187 1488 404 1559 ὁρᾶται,
450 1487 518 1540 τὰ
566 1483 626 1540 δὲ
663 1492 741 1556 Δ,
776 1491 821 1540 Ζ
861 1497 1056 1557 σημεῖα
1101 1491 1276 1558 μόνον
1321 1491 1591 1558 φαίνεται.
1675 1489 1904 1558 ὁμοίως-Ι,

185 1575 278 1630 καὶ
309 1575 398 1647 ἐφ’
427 1575 657 1646 ἑκάστης
686 1586 798 1629 τῶν
830 1581 1040 1630 λοιπῶν
1070 1587 1289 1645 γωνιῶν
1328 1585 1491 1631 τοῦτο
1524 1580 1875 1648 συμβήσεται.
1901 1641 1904 1646 1

187 1667 326 1719 ὥστε
366 1666 497 1719 ὅλον
534 1662 827 1737 περιφερὲς
864 1667 1182 1736 φανήσεται.

1003 1835 1022 1866 ι
1048 1855 1060 1867 .

308 1921 430 1971 Τῶν
453 1917 599 1971 κάτω
624 1925 723 1970 τοῦ
749 1919 989 1988 ὄμματος
1012 1917 1279 1988 κειμένων
1300 1918 1574 1972 ἐπιπέδων
1597 1919 1663 1972 τὰ
1685 1921 1874 1990 πόρρω

99 2018 157 2058 20
188 2009 557 2078 μετεωρότερα
596 2010 866 2077 φαίνεται.

299 2098 436 2150 ἔστω
477 2098 622 2166 ὄμμα
661 2097 722 2149 τὸ
756 2101 810 2149 A
847 2099 1250 2168 μετεωρότερον
1288 2100 1542 2167 κείμενον
1572 2104 1671 2149 τοῦ
1697 2098 1904 2165 ΒΕΓ,;Ᾰ

186 2183 280 2238 καὶ
332 2184 823 2256 προσπιπτέτωσαν
873 2185 1087 2249 ἀκτῖνες
1134 2187 1196 2239 αἰ
1237 2190 1364 2255 ΑΒ,
1404 2191 1538 2255 ΑΕ,
1577 2190 1711 2252 ΑΔ,
1751 2190 1804 2238 A
1815 2187 1877 2254 Γ,

189 2269 269 2327 ὧν
307 2274 341 2342 ἡ
374 2278 484 2327 AB
523 2275 758 2338 κάθετος
796 2277 931 2328 ἔστω
973 2273 1060 2327 ἐπὶ
1098 2277 1160 2328 τὸ
1198 2275 1561 2344 ὑποκείμενον
1600 2274 1875 2328 ἐπίπεδον.

189 2362 355 2432 λέγω,
403 2363 488 2417 ὅτι
525 2364 587 2417 τὸ
628 2366 730 2416 ΓΔ
768 2370 868 2416 τοῦ
906 2369 1022 2418 ΛΕ
1057 2367 1458 2435 μετεωρότερον
1497 2367 1775 2434 φαίνεται,
1814 2362 1877 2416 τὸ

102 2461 158 2502 25
192 2448 252 2504 δὲ
298 2456 415 2505 ΛΕ
465 2460 564 2505 τοῦ
611 2456 730 2505 ΒΕ.
821 2453 1072 2521 εἰλήφθω
1120 2453 1227 2523 γὰρ
1275 2450 1363 2506 ἐπὶ
1407 2459 1503 2521 τῆς
1549 2455 1658 2505 ΒΕ
1708 2452 1878 2520 τυχὸν

190 2551 417 2610 σημεῖον
469 2541 607 2594 κατα
659 2542 721 2594 τὸ
770 2544 840 2609 Ζ,
893 2539 985 2593 καὶ
1038 2542 1195 2610 ἤχθω
1250 2541 1388 2612 πρὸς
1442 2540 1619 2612 ὀρθὰς
1667 2539 1700 2608 ἡ
1750 2541 1876 2594 ZH.

192 2628 330 2699 [καὶ]
387 2628 501 2683 ἐπεὶ
556 2631 618 2683 αι
667 2631 820 2694 όψεις
872 2631 1144 2701 πρότερον
1195 2631 1334 2700 πρὸς
1385 2630 1488 2698 τὴν
1537 2632 1659 2682 ΖΗ
1705 2643 1904 2700 προσ-

189 2721 487 2771 πίπτουσιν
525 2719 661 2790 ήπερ
700 2720 838 2788 πρὸς
874 2719 976 2787 τὴν
1017 2721 1133 2788 ΖΓ
1171 2716 1552 2789 προσπιπτέτω
1591 2725 1656 2787 τῇ
1692 2720 1810 2770 ΖΗ
1839 2710 1904 2787 ἠι

312 2869 350 2908 1.
399 2864 514 2920 πρὸς
552 2864 637 2921 τὴν
678 2865 789 2923 ΕΔ]
837 2862 1003 2921 γωνία,
1052 2878 1165 2909 corr.
1206 2863 1257 2906 in
1297 2864 1463 2907 εὐθεῖα
1501 2863 1616 2919 πρὸς
1657 2863 1742 2920 τὴν
1783 2865 1875 2911 ΕΔ

190 2938 249 2967 m.
286 2928 308 2966 1
342 2924 397 2968 V.
533 2923 646 2967 Post
679 2927 770 2968 EA
802 2923 908 2968 add.
944 2925 1139 2968 εὐθεῖαν
1170 2923 1266 2980 Bv,
1308 2924 1474 2967 εὐθεῖα
1505 2923 1611 2967 Vat.
1647 2924 1691 2979 (v
1722 2937 1782 2966 m.
1814 2923 1871 2978 2).
