1904 3184
218 155 291 208 28
790 157 1073 200 EUCLIDIS
1106 158 1336 201 OPTICA.

218 276 252 345 ἡ
294 279 396 330 ΓΑ
434 277 828 346 συμβάλλουσα
866 285 941 349 τῷ
980 275 1174 348 πέρατι
1214 283 1313 329 τοῦ
1353 281 1407 329 A
1416 279 1464 328 Β
1510 274 1782 345 μεγέθους
1819 274 1904 331 καὶ

220 366 436 435 διήχθω
484 364 641 437 μέχρι
687 373 787 418 τοῦ
826 371 882 418 Δ
921 367 1174 435 ὄμματος.
1260 367 1397 418 ἔστω
1446 362 1507 417 δὲ
1554 365 1680 417 σκιὰ
1726 364 1758 432 ἡ
1798 369 1904 420 ΔΒ

219 461 319 507 τοῦ
380 459 434 507 Α
449 458 513 506 Β.
612 452 704 507 καὶ
764 457 973 507 κείσθω

219 542 408 614 ἕτερόν
432 563 485 596 τι
523 541 759 612 μέγεθος
782 544 844 596 τὸ
869 547 975 596 ΕΖ

160 640 186 679 5
220 631 540 701 συμβάλλον
577 639 643 701 τῇ
685 631 865 685 ἀκτῖνι
903 633 976 701 μὴ
1196 607 1252 655 A
1438 673 1486 720 Ζ

217 720 437 782 πάντως
503 723 978 790 καταυγαζόμενον

218 807 314 862 ὑπ’
342 808 511 877 αὐτῆς
542 810 680 862 κατὰ
710 811 772 862 τὸ
807 813 852 862 Ζ
886 808 977 862 πέ-

220 918 333 968 ρας.
425 899 696 968 ἥρμοσται
750 894 854 952 οὖν
900 900 978 961 εἰς

172 1043 176 1047 ,
218 988 279 1040 τὸ
326 990 496 1040 ΑΒΔ
547 990 823 1058 τρίγωνον
869 986 977 1040 ἕτε-

131 1083 186 1122 10
220 1077 321 1146 ρόν
376 1095 428 1128 τι
482 1078 758 1147 τρίγωνον
810 1076 872 1128 τὸ
920 1080 1106 1129 ΕΖΔ.
1198 1078 1348 1128 ἔστιν
1402 1077 1536 1146 ἄρα,
1593 1075 1667 1138 ὡς
1720 1075 1753 1144 ἡ
1799 1078 1904 1131 ΔΕ

216 1165 356 1235 πρὸς
408 1166 510 1234 τὴν
565 1168 696 1233 ΖΕ,
751 1165 927 1228 οὕτως
980 1165 1013 1234 ἡ
1069 1168 1179 1218 ΛΒ
1233 1165 1372 1234 πρὸς
1426 1166 1527 1233 τὴν
1577 1167 1694 1216 ΒΑ.
1788 1156 1904 1217 ἀλλ’

219 1254 247 1307 ὁ
294 1261 390 1323 τῆς
428 1257 545 1306 ΛΕ
587 1255 725 1324 πρὸς
770 1256 872 1323 τὴν
918 1258 1024 1307 ΕΖ
1071 1256 1234 1322 λόγος
1288 1252 1403 1306 ε’στὶ
1457 1254 1759 1323 γνώριμος·
1820 1250 1904 1309 καΙ

218 1343 247 1396 ὁ
295 1351 391 1412 τῆς
435 1347 547 1396 ΛΒ
601 1345 708 1413 ἄρα
754 1343 892 1413 πρὸς
937 1344 1040 1412 τὴν
1084 1347 1195 1395 BA
1249 1344 1414 1410 λόγος
1460 1340 1574 1395 ἐστὶ
1620 1342 1904 1411 γνώριμος,

219 1433 503 1503 γνώριμον
542 1429 603 1485 δὲ
642 1433 704 1485 τὸ
744 1435 872 1484 ΔΒ.
949 1433 1233 1502 γνώριμον
1272 1432 1380 1501 ἄρα
1418 1429 1510 1484 καὶ
1549 1431 1610 1483 τὸ
1651 1434 1777 1483 AB.

130 1587 184 1626 15
1015 1579 1116 1633 ιθ’.

330 1685 429 1752 Μὴ
468 1683 815 1752 ὑπάρχοντος
852 1682 1013 1751 ἡλίου
1052 1684 1114 1736 τὸ
1155 1679 1329 1736 δοθὲν
1367 1682 1510 1746 ὕψος
1541 1692 1769 1751 γνῶναι,
1807 1664 1904 1751 πηεΙ

217 1775 375 1826 λίκον
415 1771 579 1825 ἐστίν.
1902 1842 1904 1846 ι

329 1863 465 1914 ἔστω
512 1880 564 1913 τι
615 1858 934 1930 [μεγέθους]
981 1860 1124 1923 ὕψος
1170 1861 1231 1912 τὸ
1280 1864 1418 1929 AB,
1471 1861 1617 1929 ὄμμα
1665 1858 1724 1912 δὲ
1772 1855 1904 1915 ἔστω

217 1951 279 2004 τὸ
321 1953 390 2019 Γ,
436 1947 529 2002 καὶ
578 1948 706 2002 δέον
754 1951 890 2002 ἔστω
930 1949 992 2001 τὸ
1032 1951 1141 2001 ΑΒ
1181 1958 1416 2017 γνῶναι,
1462 1951 1698 2017 πηλίκον
1745 1947 1904 2019 ἐστίν,

128 2051 186 2091 20
218 2039 293 2102 ὡς
330 2040 402 2108 μὴ
445 2038 792 2109 ὑπάρχοντος
828 2037 1004 2105 ἡλίου.
1080 2039 1289 2091 κείσθω
1328 2037 1638 2108 κάτοπτρον
1677 2038 1738 2090 τὸ
1778 2039 1904 2111 ΔΖῇ

214 2126 307 2181 καὶ
345 2129 845 2199 προσεκβεβλήσθω
885 2134 951 2197 τῇ
990 2130 1096 2179 ΕΛ
1135 2125 1218 2179 ἐπ’
1255 2127 1478 2189 εὐθείας
1516 2126 1549 2195 ἡ
1583 2131 1638 2179 A
1647 2130 1712 2195 B,
1752 2123 1904 2197 &xpm

217 2213 284 2270 οὗ
324 2218 597 2285 συμβαλεῖ
631 2222 706 2286 τῷ
746 2213 939 2286 πέρατι
978 2222 1077 2267 τοῦ
1117 2219 1227 2267 ΑΒ
1267 2214 1541 2284 μεγέθους
1578 2223 1654 2288 τῷ
1695 2219 1767 2284 Β,
1813 2211 1904 2271 καὶ

215 2304 598 2375 προσπιπτέτω
654 2302 807 2366 ἀκτὶς
860 2303 966 2357 ἀπὸ
1020 2311 1120 2356 τοῦ
1168 2305 1409 2374 ὄμματος
1452 2311 1552 2357 τοῦ
1597 2306 1651 2356 Γ
1695 2303 1729 2371 ἡ
1779 2304 1904 2374 PII,

216 2392 307 2446 καὶ
355 2393 879 2461 ἀντανακεκλάσθω,
934 2394 1092 2463 ἄχρις
1146 2389 1213 2446 οὗ
1261 2396 1534 2463 συμβαλεῖ
1582 2401 1658 2465 τῷ
1713 2385 1904 2467 πέρατζ

130 2494 185 2534 25
219 2491 318 2536 τοῦ
357 2486 466 2535 AB
506 2480 779 2551 μεγέθους
815 2489 891 2554 τῷ
924 2487 994 2550 A,
1033 2480 1126 2534 καὶ
1163 2483 1665 2553 προσεκβεβλήσθω
1705 2489 1770 2551 τῇ
1794 2481 1904 2536 ΔΕ

218 2571 250 2639 ἡ
292 2576 426 2640 ΕΘ,
474 2570 566 2624 καὶ
611 2572 769 2640 ἤχθω
811 2570 916 2623 ἀπὸ
956 2578 1055 2623 τοῦ
1096 2573 1150 2623 Γ
1190 2569 1276 2624 ἐπὶ
1314 2572 1415 2640 τὴν
1454 2574 1564 2623 ΕΘ
1600 2571 1834 2633 κάθετος
1869 2564 1904 2640 ἡ

338 2721 375 2760 7.
408 2717 531 2760 Ante
562 2714 684 2761 κατοὲ
716 2716 821 2760 add.
856 2714 972 2759 ἀλλά
1003 2731 1062 2773 m,
1095 2732 1154 2760 m.
1191 2722 1216 2759 2
1249 2716 1407 2761 VVat.
1514 2720 1554 2760 8.
1586 2714 1811 2772 ἡρμόσθω
1842 2726 1900 2761 m.

278 2780 317 2819 9.
349 2777 496 2834 ΑΒΔ]
531 2790 643 2820 corr.
671 2785 727 2820 ex
750 2778 890 2819 ΑΒΓ
914 2776 968 2820 V.
1064 2780 1132 2820 10.
1165 2777 1285 2834 AE]
1318 2779 1407 2819 AZ
1438 2775 1528 2831 Bv,
1562 2777 1610 2818 et
1632 2775 1755 2831 Vah„
1789 2786 1900 2822 cort.

216 2850 275 2878 m.
303 2840 342 2879 2.
437 2841 506 2879 12.
539 2836 659 2893 AE]
691 2838 783 2879 AZ
813 2835 903 2891 Bv,
937 2837 984 2878 et
1007 2835 1130 2891 vat„
1164 2849 1278 2879 corr.
1303 2850 1362 2879 m.
1391 2840 1429 2879 2.
1525 2835 1632 2891 EZ]
1664 2833 1714 2876 in
1738 2847 1826 2877 ras.
1845 2830 1899 2888 V,

222 2897 307 2938 ZE
338 2894 545 2938 BVat.v.
659 2899 726 2938 14.
760 2894 874 2937 Post
903 2898 987 2937 AB
1021 2895 1127 2939 add.
1163 2914 1241 2939 :m
1261 2893 1364 2951 ἑξῆς
1394 2894 1449 2949 V,
1482 2909 1541 2938 m.
1576 2898 1601 2936 2
1634 2893 1740 2937 vat.
1834 2895 1900 2936 15.

219 2954 315 3011 ιθ’]
348 2953 396 2997 κ’
432 2954 565 2997 codd.
721 2958 788 2997 17.
831 2951 923 2997 ἐστι’
961 2969 1002 2998 v.
1154 2953 1275 2998 Dein
1315 2953 1421 2997 add.
1458 2952 1561 3010 ἑξῆς
1591 2952 1649 3008 Β,
1700 2951 1781 2995 sed
1814 2948 1902 3014 del?
