1904 3184
174 157 245 210 12
748 158 1032 200 EUCLIDIS
1065 157 1294 200 OPTICA.

295 383 373 435 Τὰ
429 380 518 435 ε’πὶ
573 388 668 450 τῆς
715 380 883 449 αὐτῆς
937 379 1159 442 εὐθείας
1212 381 1347 432 ὄντα
1404 383 1495 431 ἴσα
1540 378 1744 448 μεγέθη
1793 381 1865 448 μὴ

175 469 369 541 ἐφεξῆς
422 470 681 538 ἀλλήλοις
727 468 959 522 τεθέντα
1012 467 1105 522 καὶ
1151 470 1348 521 ἄνισον
1395 469 1716 536 διεστηκότα
1767 475 1868 521 τοῦ

175 562 416 629 ὄμματος
454 561 619 612 ἄνισα
659 561 931 627 φαίνεται.

115 658 141 697 5
288 650 424 701 ἔστω
474 649 576 701 δύο
619 653 709 701 ἴσα
747 645 954 717 μεγέθη
994 647 1060 699 τὰ
1098 650 1235 715 ΑΒ,
1278 649 1379 698 ΓΔ
1427 644 1515 698 ε’πὶ
1562 653 1657 714 τῆς
1700 645 1870 713 αὐτῆς

175 737 398 799 εὐθείας
435 745 532 806 τῆς
569 742 681 789 ΑΔ
726 738 799 806 μὴ
839 734 1034 806 ἐφεξῆς
1073 734 1331 803 ἀλλήλοις
1369 736 1502 788 ὄντα
1540 733 1631 787 καὶ
1671 735 1870 788 ἄνισον

176 827 497 893 διεστηκότα
530 825 635 879 ἀπὸ
667 833 767 878 τοῦ
799 827 1039 894 ὄμματος

175 922 274 968 τοῦ
313 919 379 983 Ε,
417 913 510 968 καὶ
546 913 1038 985 προσπιπτέτωσαν
1289 927 1331 974 Ζ

175 1005 390 1067 ἀκτῖνες
451 1004 512 1056 αί
568 1007 703 1071 ΕΑ,
750 1007 885 1072 ΕΔ,
946 1001 1038 1055 καὶ
1125 1050 1199 1106 Α
1316 940 1783 1092 Ἵ-ῚΚ

90 1102 143 1141 10
176 1096 312 1147 ἔστω
352 1095 549 1162 μείζων
579 1091 612 1160 ἡ
637 1096 748 1145 ΕΑ
786 1100 882 1161 τῆς
913 1096 1037 1144 ΕΔ.

176 1181 341 1251 λέγω,
400 1182 484 1235 ὅτι
537 1180 570 1249 ἡ
628 1183 727 1234 ΓΛ
779 1189 875 1249 τῆς
929 1185 1038 1233 ΑΒ

175 1274 371 1342 μείζων
436 1271 754 1340 φανήσεται.
869 1285 1039 1340 προσ-

174 1359 520 1413 πιπτέτωσαν
567 1358 782 1421 ἀκτῖνες
821 1360 882 1411 αί
915 1363 1038 1425 ΕΒ,

176 1452 298 1518 ΕΓ,
329 1447 422 1502 καὶ
451 1447 882 1518 περιγεγράφθω
915 1447 1039 1518 περὶ

88 1547 142 1586 15
175 1540 236 1592 τὸ
284 1542 458 1591 ΑΕΔ
511 1542 786 1608 τρίγωνον
841 1538 1042 1600 κύκλος

177 1628 206 1682 ὁ
269 1631 474 1680 ΑΕΔ.
587 1624 679 1678 καὶ
746 1629 1040 1696 προσεκβε-

178 1717 516 1784 βλήσθωσαν
572 1725 692 1778 ταῖς
744 1718 868 1784 ΕΒ,
910 1717 1023 1768 ΕΓ
1073 1714 1319 1776 εὐθείαις
1373 1714 1589 1767 εὐθεῖαι
1645 1714 1705 1766 αἱ
1748 1717 1873 1783 ΒΖ,

181 1808 318 1873 ΓΗ,
371 1802 464 1857 καὶ
511 1803 896 1857 ἀνεστάτωσαν
947 1803 1052 1856 ἀπὸ
1099 1813 1212 1856 τῶν
1251 1807 1316 1872 B,
1350 1805 1404 1855 Γ
1449 1805 1690 1872 σημείων
1734 1803 1874 1873 πρὸς

180 1894 358 1964 ὀρθὰς
395 1895 601 1961 γωνίας
649 1897 762 1946 ἴσαι
808 1892 1025 1945 εὐθεῖαι
1065 1893 1126 1945 αἱ
1160 1896 1292 1961 ΒΘ,
1326 1894 1448 1944 ΓΚ.
1527 1894 1641 1944 ἔστι
1682 1889 1742 1944 δὲ
1782 1897 1871 1960 ἴση

91 1981 215 2050 2οἡ
256 1985 365 2035 ΑΒ
405 1988 470 2051 τῇ
512 1984 637 2050 ΓΔ,
693 1981 831 2034 ἀλλὰ
877 1979 969 2034 καὶ
1007 1983 1183 2048 γωνία
1222 1980 1255 2048 ἡ
1295 1980 1403 2034 ὑπὸ
1443 1983 1615 2033 ΑΒΘ
1659 1988 1724 2050 τῇ
1763 1979 1873 2034 ὑπὸ

180 2076 236 2124 Δ
246 2074 360 2124 ΓΚ
394 2069 544 2124 ἐστιν
577 2075 682 2139 ἴση.
737 2068 828 2123 καὶ
858 2068 1180 2141 περιφέρεια
1213 2071 1319 2141 ἄρα
1350 2070 1383 2138 ἡ
1408 2073 1522 2122 ΑΘ
1552 2071 1873 2141 περιφερείᾳ

181 2169 246 2230 τῇ
294 2162 416 2212 ΔΚ
459 2159 610 2212 ε’στιν
658 2164 763 2227 ἴση.
862 2159 895 2228 ἡ
941 2162 1057 2211 ΚΔ
1104 2160 1210 2229 ἄρα
1255 2157 1576 2229 περιφέρεια
1621 2166 1717 2227 τῆς
1765 2162 1874 2210 ΖΑ

181 2251 531 2319 περιφερείας
583 2250 781 2316 μείζων
835 2247 1000 2301 ἐστίν.
1092 2252 1278 2320 πολλῷ
1325 2249 1431 2318 ἄρα
1478 2248 1511 2316 ἡ
1556 2250 1676 2299 ΗΛ
1721 2264 1872 2315 περι-

184 2336 375 2408 φέρεια
421 2344 518 2406 τῆς
559 2340 667 2389 ΖΑ
713 2336 1123 2406 μείζων”ε’στίν.
1207 2334 1327 2389 ἀλλ’
1365 2334 1451 2389 ἐπὶ
1490 2333 1590 2405 μὲν
1628 2342 1724 2404 τῆς
1765 2338 1875 2387 ΖΑ

96 2435 152 2475 25
184 2428 534 2497 περιφερείας
579 2425 612 2493 ἡ
658 2425 766 2479 ὑπὸ
805 2429 973 2478 ΑΕΖ
1020 2428 1195 2493 γωνία
1241 2424 1496 2494 βέβηκεν,
1551 2422 1640 2477 ἐπὶ
1679 2420 1740 2476 δὲ
1778 2429 1876 2491 τῆς

186 2518 309 2568 ΗΔ
360 2516 710 2585 περιφερείας
763 2512 796 2581 ἡ
851 2513 959 2566 ὑπὸ
1006 2517 1201 2567 ΗΕΔ.
1299 2513 1333 2582 ἡ
1382 2515 1488 2581 ἄρα
1540 2512 1649 2565 ὑπὸ
1696 2515 1893 2565 ΗΕΔ4

189 2606 363 2672 γωνία
403 2611 498 2672 τῆς
535 2602 643 2655 ὑπὸ
676 2606 843 2655 ΑΕΖ
883 2605 1080 2671 μείζων
1119 2602 1284 2656 ἐστίν.
1347 2600 1466 2655 ἀλλ’
1500 2602 1609 2654 ὑπὸ
1647 2597 1748 2670 μὲν
1778 2607 1879 2669 τῆς

186 2693 294 2745 ὑπὸ
342 2696 509 2745 ΑΕΖ
563 2691 596 2760 ἡ
643 2695 753 2744 AB
808 2690 1085 2760 βλέπεται,
1138 2692 1246 2744 ὑπὸ
1294 2687 1354 2743 δὲ
1399 2698 1495 2759 τῆς
1540 2690 1647 2743 ὑπὸ
1695 2691 1877 2741 ΗΕΔ

189 2781 221 2849 ἡ
263 2783 316 2833 Γ
310 2786 379 2833 Δ.
456 2783 652 2850 μείζων
691 2781 797 2851 ἄρα
837 2780 869 2848 ἡ
911 2783 1012 2833 ΓΔ
1050 2788 1146 2849 τῆς
1183 2784 1294 2832 ΑΒ
1334 2782 1604 2849 φαίνεται.
1864 2807 1866 2809 >

310 2902 348 2941 1.
375 2897 437 2955 ζ’]
462 2897 510 2953 η’
529 2896 842 2941 VVathm.
936 2900 975 2940 5.
1002 2897 1105 2955 AB]
1123 2899 1221 2940 AH
1239 2911 1281 2940 v,
1376 2901 1414 2940 6.
1441 2895 1647 2950 ἀλλήλων
1664 2895 1874 2939 Evam.

250 2955 434 3014 ἄνισον]
462 2956 626 3001 ἄνισον
652 2954 881 3012 διάστημα
905 2971 964 2999 m.
1061 2960 1099 2999 9.
1127 2956 1232 3014 ΕΑ]
1258 2957 1346 2998 ΛΕ
1369 2969 1410 2999 v.
1508 2960 1575 2998 10.
1603 2956 1756 3010 μεῖζον
1781 2953 1871 2997 Βῑ
