1904 3184
99 1103 154 1142 10

101 1622 155 1662 15

182 164 255 217 60
754 167 1038 210 EUCLIDIS
1071 169 1300 213 OPTICA.

183 282 271 338 ἐπὶ
316 292 417 338 τοῦ
455 289 523 339 Κ.
618 285 1034 355 ἐπεζεύχθωσαν
1088 289 1150 341 αί
1191 291 1332 356 ΑΚ,
1372 294 1426 342 A
1438 292 1508 358 Θ,
1562 287 1654 342 καὶ
1707 304 1876 360 προσ-

183 376 536 443 εκβεβλήσθω
585 374 618 443 ἡ
665 380 719 427 Α
733 379 780 428 Θ
833 375 920 429 ἐπὶ
966 377 1027 429 τὸ
1076 380 1157 445 Η,
1212 377 1245 445 ἡ
1294 373 1357 430 δὲ
1401 381 1522 430 AK
1572 377 1659 431 ἐπὶ
1706 380 1767 432 τὸ
1808 383 1876 432 Λ.

184 463 392 516 οὐκοῦν
439 462 527 516 ἐπὶ
572 472 672 517 τοῦ
711 468 779 516 Η
816 463 907 518 καὶ
945 473 1045 518 τοῦ
1085 469 1137 518 Λ
1185 465 1442 529 τεθέντος
1488 474 1588 519 τοῦ
1637 469 1877 537 ὄμματος

183 554 349 606 ἄνισα
395 554 462 605 τὰ
501 552 753 623 ὁρώμενα
797 561 898 606 τοῦ
945 553 1128 608 κώνου
1175 554 1510 624 ὀφθήσεται,
1558 555 1650 608 καὶ
1694 560 1877 626 μεῖζον

183 640 285 712 μὲν
323 645 473 696 ἔσται
513 644 574 695 τὸ
613 643 753 713 πρὸς
782 651 858 715 τῷ
890 647 965 712 Η,
1005 646 1238 697 ἔλασσον
1278 642 1338 697 δὲ
1377 644 1443 697 ὃν
1481 647 1664 714 μεῖζον
1696 645 1877 715 ὀφθή-

184 744 335 783 σεται
367 732 428 784 τὸ
467 732 606 801 πρὸς
644 740 720 804 τῷ
755 735 820 784 Λ.
885 737 1007 786 ἴσον
1046 731 1108 786 δὲ
1146 734 1207 786 τὸ
1246 735 1387 804 πρὸς
1424 742 1500 806 τῷ
1533 737 1598 786 Η
1628 742 1704 807 τῷ
1741 736 1880 806 πρὸς

184 827 260 892 τῷ
305 824 375 889 Θ,
429 822 491 873 τὸ
539 818 600 873 δὲ
644 822 784 891 πρὸς
828 829 904 894 τῷ
945 825 998 874 Λ
1043 831 1118 895 τῷ
1165 824 1304 893 πρὸς
1341 831 1416 895 τῷ
1458 826 1533 891 Κ,
1589 823 1664 885 ὡς
1703 822 1764 876 ἐν
1802 831 1877 896 τῷ

183 910 291 979 πρὸ
345 911 547 963 τούτου
604 910 843 980 ἐδείχθη.
934 919 1035 964 τοῦ
1082 913 1189 981 ἄρα
1236 914 1475 981 ὄμματος
1520 913 1659 981 πρὸς
1704 920 1780 985 τῷ
1833 917 1880 965 Θ

185 996 445 1062 τεθέντος
491 1002 675 1068 μεῖζον
721 1002 871 1053 ἔσται
924 1001 986 1053 τὸ
1034 999 1319 1070 ὁρώμενον
1364 1008 1464 1054 τοῦ
1510 1000 1694 1054 κώνου
1742 1002 1878 1071 ἥπερ

185 1088 324 1157 πρὸς
363 1096 438 1160 τῷ
479 1091 556 1157 Κ,
597 1087 742 1152 δόξει
783 1086 842 1142 δὲ
883 1091 1118 1142 ἔλασσον
1157 1086 1314 1143 εἶναι.

986 1238 1053 1291 λδ
1062 1236 1091 1290 ’.

295 1337 422 1393 Ἐὰν
451 1341 659 1393 κύκλου
691 1342 830 1410 πρὸς
860 1340 1039 1412 ὀρθὰς
1071 1341 1177 1395 ἀπὸ
1202 1349 1302 1395 τοῦ
1333 1340 1565 1413 κέντρου
1591 1341 1881 1412 ἀνασταθῇ

187 1435 262 1500 τῳ
303 1435 403 1481 τοῦ
434 1429 643 1482 κύκλου
675 1428 911 1502 ἐπιπέδῳ
944 1431 1154 1498 εὐθεῖα,
1194 1429 1283 1484 ἐπὶ
1315 1428 1376 1483 δὲ
1407 1431 1609 1499 ταύτης
1639 1433 1701 1485 τὸ
1734 1433 1881 1501 ὄμμα

187 1521 341 1588 τεθῇ,
380 1519 442 1571 αἱ
470 1518 753 1588 διάμετροι
785 1520 847 1572 αἶ
874 1518 933 1572 ἐν
966 1527 1040 1591 τῷ
1071 1527 1171 1572 τοῦ
1202 1520 1409 1573 κύκλου
1435 1518 1669 1593 ἐπιπέδῳ
1695 1521 1880 1589 διαγό-

187 1625 346 1675 μεναι
384 1615 556 1660 πᾶσαι
597 1613 712 1661 ἴσαι
747 1610 1107 1678 φανήσονται.

301 1698 438 1748 ε”στω
477 1697 701 1766 κύκλος,
757 1694 825 1751 οὗ
872 1696 1103 1768 κέντρον
1141 1699 1203 1751 τὸ
1243 1703 1298 1751 Α
1343 1709 1594 1768 σημεῖον,
1651 1697 1742 1751 καὶ
1781 1696 1878 1751 ἀπ’

189 1784 363 1837 αὐτοῦ
403 1785 632 1854 ἀνήχθω
672 1806 756 1849 τις
793 1787 932 1858 πρὸς
969 1786 1146 1858 ὀρθὰς
1185 1787 1218 1856 ἡ
1257 1791 1369 1840 ΑΒ
1416 1796 1491 1860 τςό
1533 1795 1632 1840 τοῦ
1672 1788 1881 1841 κύκλου

427 1915 1626 2365 Las

498 2258 1036 2540 qs

192 2612 447 2687 ἐπιπέδῳ,
487 2613 575 2684 ἐφ’
611 2611 676 2684 ἧς
714 2617 860 2685 όμμα
898 2619 1104 2670 κείσθω
1138 2618 1198 2670 τὸ
1232 2621 1294 2670 Β.
1357 2616 1514 2686 λέγω,
1554 2618 1638 2671 ότι
1670 2619 1731 2670 αἰ
1762 2617 1880 2670 διοί-

191 2722 380 2774 μετροι
430 2710 544 2757 ἴσαι
591 2706 949 2774 φανήσονται.
1043 2708 1288 2759 ἔστωσαν
1342 2707 1445 2759 δύο
1494 2707 1775 2778 διάμετροι
1825 2705 1889 2759 αἶ

312 2857 351 2895 1.
384 2851 486 2909 τοῦ]
519 2849 572 2895 τό
603 2865 662 2894 m.
785 2855 825 2895 2.
861 2851 947 2922 Η]
967 2864 991 2894 e
1025 2864 1137 2896 corr.
1170 2851 1226 2896 V.
1347 2851 1399 2895 τό
1424 2851 1522 2909 (alt.
1526 2853 1562 2910 )]
1597 2866 1709 2896 corr.
1736 2865 1792 2895 ex
1822 2848 1883 2895 τοὶ

190 2925 251 2955 m.
286 2915 311 2954 2
345 2910 452 2955 vat.
553 2913 592 2953 3.
626 2907 874 2985 τεθέντος]
897 2907 1106 2954 τέθειται
1136 2911 1259 2967 vat„
1293 2924 1406 2955 corr.
1431 2925 1490 2955 m.
1519 2916 1558 2956 2.
1660 2915 1699 2955 5.
1736 2910 1880 2968 ἔσται]

193 2983 280 3014 om.
316 2969 448 3013 codd.
600 2968 651 3012 τό
685 2995 739 3001 -
775 2974 813 3013 6
849 2968 950 3014 ἴσον
984 2967 1062 3028 δέ]
1102 2985 1161 3015 m
1196 2976 1221 3013 2
1249 2948 1361 3014 'Van
1514 2975 1553 3015 5.
1593 2971 1674 3029 τῷ]
1706 2970 1758 3014 τό
1790 2969 1880 3014 Bv.
