1904 3184
180 87 291 141 270
901 89 1162 131 scnoLIA

764 222 851 276 Ad
889 242 1042 293 prop.
1080 223 1279 278 XXIV.

290 328 378 380 44.
433 328 514 379 Αἰ
557 330 685 396 ΡΖ,
725 331 838 380 ΡΣ
879 325 1012 380 καθ’
1054 327 1115 380 ἓν
1164 326 1500 397 ἐφάπτονται
1545 349 1595 398 Ρ.
1643 331 1766 399 184,
1805 330 1863 400 5]

181 414 517 484 ἐφάπτονται
549 417 655 486 ἄρα
687 415 780 468 διὰ
812 416 872 468 τὸ
907 415 966 469 ἐν
997 423 1072 488 τῷ
1107 414 1182 471 ις’
1208 422 1306 468 τοῦ
1338 414 1395 483 γ’
1420 425 1531 469 τῶν
1556 420 1859 486 Στοιχείων

176 506 433 575 πόρισμα.

120 591 145 628 5
776 577 863 631 Ad
893 596 1046 648 prop.
1085 577 1282 631 XXVI.

287 681 374 735 45.
426 680 708 751 Ὀμμάτων
753 682 1024 752 διάστημα
1061 683 1122 735 τὸ
1162 684 1274 734 ΒΓ
1310 702 1362 751 Ρ.
1407 683 1526 749 186,
1564 681 1620 752 7]
1661 683 1762 752 χρὴ
1804 680 1863 736 δὲ

179 779 356 839 νοεῖν,
397 770 480 824 ὅτι
519 770 552 839 ἡ
594 772 879 834 διάστασις
916 780 1028 824 τῶν
1066 771 1326 840 ὀμμάτων
1363 771 1711 842 παράλληλός
1750 772 1862 825 ε’στι

174 868 239 930 τῇ
279 859 552 933 διαμέτρῳ
593 868 692 914 τοῦ
730 861 953 914 κύκλου.

284 966 371 1018 46.
446 963 741 1018 Τουτέστιν
787 964 1210 1034 ἐπιζευχθεισῶν
1257 963 1363 1018 ἀπὸ
1409 972 1509 1017 τοῦ
1556 967 1613 1016 Κ
1662 962 1750 1017 ἐπὶ
1795 965 1861 1017 τὰ

87 1065 141 1104 10
174 1056 239 1122 Β,
273 1055 327 1106 Γ
358 1063 553 1123 σημεῖα
592 1053 844 1106 εὐθειῶν.

282 1158 371 1210 47.
409 1155 684 1210 ’Έλασσον
723 1156 792 1210 ἂν
832 1162 914 1226 εἴη
954 1178 1004 1227 p.
1041 1159 1167 1226 186,
1203 1157 1296 1227 16]
1341 1159 1392 1210 εἰ
1428 1157 1532 1228 γὰρ
1572 1160 1756 1225 τεθείη
1796 1158 1857 1210 τὸ

172 1247 318 1315 ὄμμα
357 1244 445 1298 ἐπὶ
475 1253 576 1299 τοῦ
612 1250 675 1314 Θ,
715 1247 808 1299 διὰ
839 1247 900 1300 τὸ
932 1245 1022 1314 κγ’
1047 1255 1158 1299 τῶν
1187 1244 1450 1299 Ὀπτικῶν
1483 1248 1708 1300 ἔλαττον
1737 1244 1858 1315 ἡμι-

171 1338 438 1406 σφαιρίου
477 1335 786 1404 ὀφθήσεται
824 1335 932 1389 ὑπὸ
972 1342 1071 1388 τοῦ
1112 1332 1233 1397 ἑνὸς
1273 1333 1527 1405 ὄμματος.

280 1440 368 1494 48.
432 1439 511 1491 Τὸ
561 1442 728 1492 ΖΝΔ
771 1459 823 1509 Ρ.
860 1440 987 1508 186,
1025 1438 1115 1508 16]
1163 1437 1448 1492 τουτέστιν
1494 1439 1555 1491 τὸ
1602 1438 1710 1491 ὑπὸ
1758 1446 1857 1491 τοῦ

84 1539 136 1579 15
169 1528 375 1581 κύκλου
415 1528 792 1598 διοριζόμενον
831 1535 930 1581 τοῦ
970 1526 1095 1599 περὶ
1134 1529 1235 1596 τὴν
1274 1531 1399 1581 AN
1406 1532 1464 1580 Z.

730 1685 817 1737 Ad
855 1703 1004 1754 prop.
1044 1682 1297 1737 XXVIII.

284 1788 372 1839 49.
415 1783 516 1840 Ὃν
554 1789 761 1857 τρόπον
800 1786 887 1841 ε’πὶ
918 1795 1017 1840 τοῦ
1049 1786 1138 1856 κγ’
1170 1785 1261 1840 καὶ
1300 1786 1391 1839 κδ’
1425 1785 1644 1855 ἔδειξεν,
1683 1787 1858 1850 οὕτως

167 1874 259 1929 καὶ
307 1875 395 1928 ἐπὶ
440 1885 552 1928 τῶν
598 1876 702 1929 δύο
750 1877 964 1930 τούτων
1010 1884 1110 1930 τοῦ
1149 1875 1238 1959 κη’
1270 1874 1361 1929 καὶ
1400 1875 1516 1945 κθ’,
1563 1877 1707 1945 πλὴν
1747 1875 1860 1929 ἐκεῖ
1895 1870 1901 1922 ⁴.

167 1961 268 2034 μὲν
308 1962 396 2018 ἐπὶ
435 1967 699 2035 σφαίρας,
739 1960 846 2019 ὧδε
887 1962 947 2018 δὲ
987 1964 1074 2019 ἐπὶ
1112 1965 1433 2034 κυλίνδρου.

78 2132 135 2171 20
769 2119 856 2173 Ad
894 2139 1045 2190 prop.
1084 2120 1252 2173 XXX.
1884 2183 1898 2200 Ι.

279 2225 364 2277 50.
427 2224 653 2278 Κύκλον
699 2227 920 2294 ἔχοντος
964 2226 1065 2294 τὴν
1110 2224 1276 2294 βάσιν
1327 2243 1378 2293 Ρ.
1422 2225 1549 2288 192,
1590 2223 1654 2292 2]
1711 2223 1851 2292 οὐχί,
1888 2212 1898 2249 ·’

168 2313 312 2366 διότι
351 2314 465 2365 ἔστι
496 2332 580 2376 τις
617 2322 794 2376 κῶνος
824 2315 896 2383 μὴ
930 2316 1070 2383 ἔχων
1100 2314 1306 2366 κύκλον
1337 2314 1438 2382 τὴν
1468 2312 1649 2382 βάσιν,
1688 2313 1852 2364 τοῦτό

167 2415 364 2471 φησιν,
412 2400 550 2455 ἄλλα
596 2403 697 2472 τὴν
736 2403 910 2472 φύσιν
956 2410 1056 2455 τοῦ
1098 2402 1285 2455 κώνου
1330 2408 1674 2472 παραστῆσαι
1719 2403 1850 2469 βου-
1879 2456 1889 2463 .,

167 2493 408 2560 λόμενος.

283 2611 352 2651 44.
386 2606 493 2651 Vat.
503 2605 641 2649 RFu.
764 2610 834 2651 45.
867 2606 962 2661 Vq.
1083 2609 1154 2649 46.
1186 2604 1406 2659 VVat.q;
1448 2602 1562 2659 quid
1595 2603 1685 2647 sibi
1716 2603 1846 2660 uelit,
1879 2610 1904 2655 ᾖ

163 2665 335 2710 nescio.
528 2665 677 2709 ..Vat
687 2664 786 2710 RF.
917 2669 986 2709 48.
1020 2665 1230 2720 VVat.q.
1361 2667 1430 2707 49.
1464 2663 1579 2718 V¹q.
1707 2667 1775 2708 50.
1807 2663 1849 2706 R
1902 2670 1904 2719 j

165 2725 287 2781 (Vass.
297 2670 494 2782 AFq).4
1902 2731 1904 2734 ·

282 2836 321 2873 3.
356 2828 407 2873 ἐν
438 2829 519 2887 τῷ]
553 2842 713 2902 supra
726 2842 810 2872 scr.
828 2827 881 2871 R.
962 2831 1029 2871 14.
1062 2827 1134 2885 τό]
1168 2840 1308 2884 supra
1333 2839 1415 2870 scr.
1444 2841 1504 2870 m.
1530 2839 1619 2870 ree.
1636 2826 1690 2869 V.
1771 2829 1838 2869 15.
1898 2822 1904 2871 l

163 2886 295 2946 περί]
326 2902 472 2944 comp.
497 2887 552 2944 V,
585 2885 715 2943 παρά
739 2901 781 2943 (1.
875 2887 1042 2945 ΔΝΖ]
1074 2888 1219 2930 ΑΝΖ
1250 2885 1407 2930 VVat.
1419 2900 1462 2940 q.
1556 2889 1623 2930 17.
1658 2900 1776 2929 ουτω
1800 2898 1904 2941 (1.1
