1904 3184
227 123 331 175 126
603 126 864 169 SCHOLIA
894 127 960 168 IN
989 126 1272 170 EUCLIDIS
1305 128 1535 171 OPTICA.

225 247 534 314 ἰσογωνίων
572 247 862 317 τριγώνων
901 245 1177 315 ἀνάλογόν
1217 249 1358 300 εἰσιν
1397 248 1458 300 αἱ
1491 245 1616 318 περὶ
1654 249 1751 312 τὰς
1790 253 1904 312 ἴσας

222 338 428 403 γωνίας
458 333 691 405 πλευραὶ
716 335 810 387 διὰ
833 342 933 388 τοῦ
958 334 1014 387 δ’
1039 343 1138 388 τοῦ
1165 334 1218 392 ς’
1242 346 1354 389 τῶν
1385 339 1704 405 Στοιχείων.
1756 339 1904 401 ἔσται

223 420 328 478 οὖν
367 424 440 487 ὡς
478 423 511 492 ἡ
551 428 664 476 EA
708 425 847 495 πρὸς
877 426 979 494 τὴν
1016 428 1150 494 ΔΓ,
1199 426 1375 488 οὕτως
1413 426 1446 494 ἡ
1485 429 1596 478 EA
1633 427 1770 495 πρὸς
1808 428 1904 495 τὴν

224 517 363 568 AK·
414 511 507 566 καὶ
546 511 801 583 ἐναλλάξ,
841 514 915 577 ὡς
952 513 986 582 ἡ
1026 519 1137 567 EA
1174 515 1313 583 πρὸς
1350 516 1452 584 τὴν
1490 519 1624 584 ΕΛ,
1664 515 1839 578 οὕτως
1877 515 1904 586 ἡ

165 610 191 650 ὅ
226 607 328 658 ΓΔ
364 604 504 673 πρὸς
541 604 643 671 τὴν
677 605 805 655 ΚΛ.
868 605 1064 672 μείζων
1104 601 1164 656 δὲ
1203 604 1236 672 ἡ
1269 607 1379 655 ΕΛ
1417 611 1513 672 τῆς
1543 608 1674 657 EA·
1714 607 1904 674 μείζων

225 695 331 765 ἄρα
370 691 462 746 καὶ
500 691 534 760 ἡ
574 695 689 745 ΚΛ
726 699 822 761 τῆς
862 695 977 745 ΓΔ.

337 800 385 852 6.
435 795 564 851 Ὑπὸ
602 799 876 851 πλειόνων
915 799 1099 862 ὄψεων
1135 817 1185 867 Ρ.
1218 798 1268 867 4,
1302 797 1396 866 21]
1438 799 1488 850 εἰ
1524 794 1585 850 δὲ
1622 797 1730 851 ὑπὸ
1763 802 1904 851 πλει-

226 889 374 941 όνων
413 889 620 956 ὄψεων,
659 886 751 940 καὶ
789 887 897 940 ὑπὸ
935 889 1209 940 πλειόνων
1248 895 1484 955 γωνιῶν.
1900 946 1904 952 ,

341 993 386 1045 7.
446 990 537 1045 Ἐν
589 999 666 1064 τῷ
716 989 916 1061 μεταξὺ
971 993 1295 1061 διαστήματι
1350 1011 1400 1060 p.
1449 992 1506 1061 6,
1552 990 1609 1060 2]
1664 989 1904 1047 τουτέστι

140 1093 194 1132 10
226 1091 338 1136 τῶν
386 1084 499 1135 ΒΓ
542 1079 634 1135 καὶ
680 1085 791 1134 BA
844 1079 932 1134 ἐπὶ
978 1082 1045 1133 τὰ
1092 1082 1407 1151 ἔμπροσθεν
1453 1080 1528 1142 ὡς
1572 1081 1710 1150 πρὸς
1752 1081 1814 1133 τὸ
1859 1080 1904 1134 R

228 1170 555 1243 ἐρχομένων.

340 1278 389 1331 8.
449 1275 671 1329 Οὐκοῦν
715 1276 854 1346 πρὸς
899 1276 961 1328 τὸ
1001 1277 1059 1327 Κ
1099 1294 1149 1344 p.
1183 1276 1239 1344 6,
1280 1274 1338 1344 3]
1385 1283 1498 1327 τῶν
1543 1275 1648 1344 γὰρ
1695 1272 1904 1334 διαστάέ

228 1381 369 1420 σεων
401 1364 435 1434 ἢ
466 1369 678 1435 μᾶλλον
709 1364 1064 1418 ἀποστάσεων
1093 1372 1505 1436 προχωρουσῶν
1536 1366 1686 1417 ἔσται
1709 1361 1904 1432 μεταξὺ

228 1455 518 1525 διάστημα,
557 1451 625 1508 οὗ
664 1454 726 1507 αἰ
760 1453 1087 1516 ἀποστάσεις
1126 1453 1220 1506 διὰ
1258 1454 1319 1506 τὸ
1360 1451 1452 1506 ἀπ’
1489 1452 1742 1520 ἀλλήλων
1780 1451 1904 1530 ἀπος,

141 1553 195 1592 15
228 1550 527 1614 σχισθῆναι
568 1544 668 1614 οὐχ
709 1543 959 1608 ἅψονται.
1899 1558 1904 1595 .’

89 1631 91 1639 ¹
340 1651 389 1703 9.
459 1651 684 1714 Μείζων
737 1647 798 1701 δὲ
851 1648 1062 1719 πλευρὰ
1115 1646 1149 1715 ἡ
1204 1651 1310 1700 ΒΖ
1363 1667 1412 1717 Ρ.
1454 1648 1510 1717 6,
1559 1645 1661 1716 26]
1717 1648 1904 1715 μείζων

229 1739 491 1807 εὐλόγως·
546 1737 728 1809 ὀρθὴν
782 1738 886 1807 γὰρ
941 1736 1241 1805 ὑποτείνει,
1296 1736 1330 1806 ἡ
1385 1733 1445 1789 δὲ
1494 1740 1601 1788 ΖΑ
1654 1735 1904 1815 ἐλάττονός

229 1828 427 1899 ὀρθῆς·
468 1828 534 1881 οὐ
567 1828 672 1898 γὰρ
706 1826 946 1898 ἐγχωρεῖΙ
970 1827 1175 1888 πολλὰς
1207 1826 1384 1897 ὀρθὰς
1414 1821 1557 1878 εἶναι
1597 1823 1657 1878 ἐν
1688 1822 1771 1879 ἑνὶ
1801 1839 1904 1903 τρι-ζ

229 1918 413 1989 γώνῳ·
444 1924 557 1970 πᾶν
580 1917 685 1986 γὰρ
710 1917 985 1986 τρίγωνον
1008 1916 1105 1978 τὰς
1128 1925 1274 1986 τρεῖς
1297 1917 1502 1983 γωνίας
1526 1912 1691 1967 δυσὶν
1715 1911 1904 1984 ὀρθαῖς

141 2021 198 2062 20
232 2011 354 2070 ἴσας
393 2007 516 2075 ἔχει.
1879 2043 1890 2083 .'

345 2111 427 2164 10.
491 2108 603 2162 Καὶ
647 2108 680 2177 ἡ
720 2109 828 2163 ὑπὸ
871 2112 1036 2161 ΖΒΕ
1077 2127 1126 2178 Ρ.
1163 2109 1220 2178 6,
1260 2107 1355 2178 28]
1407 2108 1501 2161 διὰ
1546 2109 1608 2162 τὸ
1655 2109 1733 2170 εἰς
1777 2102 1904 2179 παρ-ἐ

230 2201 504 2268 αλλήλους
549 2200 650 2268 τὴν
687 2202 794 2251 ΕΒ
841 2197 1093 2268 ἐμπεσεῖν
1139 2196 1230 2250 καὶ
1274 2204 1499 2266 ποιῆσαι
1544 2198 1642 2260 τὰς
1687 2189 1904 2265 ἐναλλὰξ

231 2294 366 2352 ἴσας.
1868 2310 1897 2346 s

347 2380 429 2431 11.
499 2379 722 2442 Μείζων
785 2379 891 2447 ἄρα
951 2377 1259 2447 ὀφθήσεται
1327 2396 1378 2446 p.
1427 2377 1484 2446 8,
1533 2375 1595 2445 1]
1665 2374 1758 2427 διὰ
1817 2392 1848 2426 τ
1875 2360 1897 2390 ⁹

143 2481 198 2519 ‘25
231 2467 382 2538 ὅρον,
424 2468 507 2520 ὅτι
546 2468 613 2520 τὰ
650 2466 758 2520 ὑπὸ
799 2469 1064 2536 μειζόνων
1104 2476 1323 2535 γωνιῶν
1363 2465 1628 2536 ὁρώμενα.

347 2572 429 2624 12.
485 2569 531 2623 ε’
570 2590 620 2640 Ρ.
654 2572 712 2642 8,
749 2569 807 2640 5]
864 2569 1051 2641 ἕτερον
1105 2578 1269 2623 τοῦτο
1315 2576 1416 2623 τοῦ
1463 2567 1723 2639 δευτέρου
1769 2544 1892 2621 θεωι

294 2732 502 2835 Πενκζι.
628 2729 780 2778 7.Vb.
903 2729 1057 2776 επὶ».
1183 2730 1333 2777 avb.
1449 2735 1516 2775 10.
1550 2730 1627 2774 va.
1736 2733 1802 2772 11.
1834 2695 1886 2771 v'

352 2946 391 2985 4.
427 2941 546 2999 ΛΚ]
580 2944 627 2984 K
654 2954 678 2984 e
711 2953 822 2983 corr.
