1904 3184
105 705 132 744 5

79 1149 134 1189 10

81 1594 136 1634 15

82 2039 139 2080 20

165 158 235 212 86
733 161 1016 204 EUOLIDIS
1048 162 1279 207 OPTIGA.

970 323 1044 394 μ’.

271 426 398 481 Ἐὰν
438 425 499 480 δὲ
536 428 598 480 τὸ
638 427 922 498 ὁρώμενον
959 430 1032 498 μὴ
1070 430 1210 500 πρὸς
1248 428 1426 499 ὀρθὰς
1463 424 1498 500 ᾖ
1528 437 1604 502 τῷ
1634 429 1853 482 ὑποκει-
1902 443 1904 446 ’

162 515 308 590 μένςο
358 515 620 589 ἐπιπέδῳ,
667 519 992 586 μεθίστηται
1032 515 1092 571 δὲ
1132 516 1220 571 ἐπὶ
1259 519 1465 571 κύκλου
1505 521 1854 589 περιφερείας

166 612 288 660 ἴσον
328 605 393 659 ὃν
424 613 490 676 τῇ
526 605 584 658 ἐκ
615 613 714 658 τοῦ
747 604 996 677 κέντρου,
1034 604 1166 660 ποτὲ
1201 603 1302 676 μὲν
1337 611 1459 660 ἴσον
1490 605 1684 679 ἑαυτῷ,
1724 605 1855 660 ποτε

165 693 227 748 δὲ
273 697 469 748 ἄνισον
515 693 823 763 ὀφθήσεται
868 696 1006 748 κατὰ
1050 695 1411 766 παράλληλον
1464 694 1628 749 θέσιν
1681 703 1746 767 τῇ
1802 695 1856 760 ἐξ

165 784 334 855 ἀρχῆς
372 786 719 853 μεταβαῖνον.

276 875 413 926 ἔστω
468 873 669 935 κύκλος
722 872 751 926 ὁ
798 877 926 942 ΑΔ,
980 871 1071 926 καὶ
1125 875 1376 943 εἰλήφθω
1434 872 1519 926 ἐπὶ
1568 880 1663 942 τῆς
1708 891 1859 944 περι-

166 964 391 1032 φερείας
436 961 608 1036 αὐτοῦ
648 971 875 1031 σημεῖον
913 962 975 1015 τὸ
1014 966 1093 1030 Δ,
1140 961 1233 1015 καὶ
1280 962 1556 1032 ἐφεστάτω
1604 963 1676 1032 μὴ
1723 963 1862 1033 πρὸς

167 1050 347 1122 ὀρθὰς
399 1059 476 1123 τῷ
523 1051 705 1123 κύκλῳ
755 1051 948 1104 εὐθεῖα
995 1050 1028 1119 ἡ
1067 1056 1122 1104 Δ
1134 1055 1179 1104 Ζ
1237 1056 1326 1120 ἴση
1375 1048 1513 1106 οὖσα
1559 1059 1623 1122 τῇ
1664 1051 1722 1104 ἐκ
1760 1058 1860 1104 τοῦ

168 1138 425 1211 κέντρου,
473 1138 622 1210 ὄμμα
662 1137 722 1192 δὲ
762 1142 899 1193 ἔστω
939 1141 1000 1193 τὸ
1040 1144 1103 1193 Ε.
1182 1139 1347 1209 λέγω,
1387 1141 1470 1194 ὅτι
1509 1139 1542 1209 ἡ
1581 1144 1717 1208 ΛΖ,
1765 1139 1862 1193 ἐὰν
1901 1194 1904 1197 ,

168 1227 255 1283 ἐπὶ
294 1237 390 1298 τῆς
428 1236 527 1282 τοῦ
567 1229 774 1282 κύκλου
813 1231 1164 1300 περιφερείας
1202 1232 1552 1299 μεθίστηται,
1599 1226 1729 1282 ποτὲ
1772 1233 1861 1297 ἴση
1900 1250 1904 1278 ;

168 1320 490 1388 φανήσεται,
527 1315 659 1371 ποτὲ
698 1320 912 1388 μείζων,
951 1315 1081 1371 ποτὲ
1122 1318 1385 1372 ἐλάσσων.
1462 1319 1619 1387 ἤχθω
1660 1319 1728 1387 δὴ
1769 1318 1862 1370 διὰ
1900 1326 1904 1334 “

169 1415 269 1461 τοῦ
301 1411 367 1476 Ε,
407 1407 438 1460 ὅ
478 1406 593 1461 ἐστι
631 1405 879 1478 κέντρον,
919 1415 983 1478 τῇ
1016 1412 1071 1460 Δ
1083 1411 1128 1460 Ζ
1167 1407 1515 1479 παράλληλος
1545 1406 1578 1475 ἡ
1614 1409 1731 1475 ΓΕ,
1771 1404 1863 1460 καὶ

168 1499 305 1550 ἔστω
349 1501 438 1565 ἴση
477 1505 542 1568 τῇ
575 1501 630 1550 Δ
642 1500 686 1549 Ζ
725 1495 758 1564 ἡ
792 1499 910 1550 ΕΓ.
966 1494 1057 1549 καὶ
1088 1497 1245 1566 ἤχθω
1280 1495 1385 1550 ἀπὸ
1417 1503 1516 1549 τοῦ
1552 1499 1605 1549 Γ
1635 1498 1861 1565 σημείου
1900 1536 1904 1570 5

171 1584 258 1640 ἐπὶ
297 1586 358 1639 τὸ
397 1586 761 1655 ὑποκείμενον
801 1586 1060 1639 ἐπίπεδον
1098 1586 1334 1650 κάθετος
1370 1585 1403 1654 ἡ
1446 1588 1565 1639 ΓΗ
1595 1583 1686 1638 καὶ
1726 1599 1861 1654 συμ-
1898 1598 1904 1608 “

169 1674 412 1745 βαλλέτω
459 1683 535 1748 τῷ
584 1674 822 1747 ἐπιπέδῳ
870 1676 1007 1728 κατὰ
1053 1676 1114 1728 τὸ
1162 1678 1229 1727 Η
1274 1685 1515 1744 σημεῖον.
1606 1672 1697 1727 καὶ
1749 1673 1862 1727 ἐπι-
1900 1669 1904 1673 ’

171 1768 461 1834 ζευχθεῖσα
492 1765 525 1833 ἡ
558 1767 680 1817 ΕΗ
712 1763 1064 1833 ἐκβεβλήσθω
1103 1762 1195 1817 καὶ
1228 1762 1582 1834 συμβαλλέτω
1615 1771 1680 1834 τῇ
1712 1781 1862 1833 περι-
1899 1795 1904 1843 3

170 1856 365 1925 φερείᾳ
403 1854 539 1906 κατὰ
577 1854 639 1906 τὸ
679 1858 733 1906 A
772 1863 1022 1922 σημεῖον,
1075 1851 1167 1906 καὶ
1214 1854 1371 1922 ἤχθω
1419 1853 1513 1905 διὰ
1558 1859 1657 1905 τοῦ
1698 1857 1751 1905 A
1797 1859 1863 1922 τῇ
1901 1918 1904 1923 ¹

171 1945 280 1996 ΓΕ
313 1943 662 2014 παράλληλος
700 1941 733 2010 ἡ
773 1945 908 2011 ΑΒ,
954 1940 1045 1995 καὶ
1092 1944 1229 1995 ἔστω
1269 1941 1302 2011 ἡ
1343 1945 1453 1995 ΑΒ
1499 1949 1563 2012 τῇ
1603 1944 1713 1994 ΔΖ
1757 1944 1862 2008 ἴση.

171 2030 328 2101 λέγω,
369 2032 452 2085 ὅτι
484 2031 517 2101 ἡ
550 2035 660 2084 AB
698 2039 892 2084 πασῶν
930 2040 1043 2084 τῶν
1082 2029 1171 2084 ἐπὶ
1202 2038 1298 2100 τῆς
1335 2038 1435 2083 τοῦ
1466 2030 1672 2083 κύκλου
1711 2046 1860 2099 περι·
1896 2043 1897 2049 ’

171 2124 395 2192 φερείας
453 2118 871 2190 μεθισταμένων
934 2120 1173 2173 εὐθειῶν
1235 2119 1483 2173 ἐλάσσων
1545 2119 1860 2189 φανήσεται.
1884 2131 1904 2149 ·“

172 2210 587 2279 ἐπεζεύχθωσαν
626 2210 729 2279 γὰρ
771 2209 985 2262 εὐθεῖαι
1025 2211 1085 2262 αἱ
1119 2213 1241 2278 ΕΔ,
1276 2211 1400 2278 ΓΖ,
1435 2211 1553 2277 ΓΒ,
1585 2210 1708 2275 ΕΒ,
1743 2209 1861 2259 ΖΕ.

173 2298 288 2354 ἐπεὶ
327 2296 430 2354 οὗν
469 2298 501 2367 ἡ
543 2301 648 2352 ΓΕ
682 2306 748 2368 τῇ
788 2302 898 2351 ΑΒ
937 2298 1286 2369 παράλληλός
1325 2298 1439 2351 ἐστι
1477 2295 1569 2350 καὶ
1610 2301 1720 2364 ἴση,
1769 2292 1862 2348 καὶ

172 2388 205 2457 ἡ
238 2393 342 2442 ΕΛ
381 2390 487 2460 ἄρα
525 2395 590 2459 τῇ
624 2390 726 2440 ΓΒ
767 2392 856 2455 ἴση
895 2407 952 2440 τε
991 2386 1083 2441 καὶ
1121 2387 1469 2458 παράλληλός
1500 2385 1663 2439 ἐστιν.
1726 2401 1862 2455 παρ-

295 2613 332 2653 1.
367 2608 440 2667 μ’]
474 2622 561 2653 om.
596 2623 638 2663 v,
672 2606 762 2663 μθ’
788 2607 843 2663 V,
876 2607 950 2663 μζ’
977 2622 1035 2652 111.
1067 2613 1092 2651 2
1124 2607 1232 2651 Vat.
1356 2611 1394 2650 3.
1429 2603 1707 2662 μεθίσταται
1737 2603 1860 2659 Vat„

176 2682 290 2713 corr.
323 2683 382 2713 m.
419 2673 458 2712 2.
581 2665 659 2725 δέ]
693 2664 744 2710 δὲ
777 2673 857 2723 τῆς
887 2666 994 2711 Vat.
1131 2671 1169 2711 7.
1204 2666 1303 2724 AA]
1336 2664 1460 2709 inter
1491 2669 1527 2708 A
1560 2666 1608 2708 et
1638 2668 1680 2708 Δ
1711 2677 1799 2706 ras.
1835 2659 1889 2706 1'

175 2727 267 2772 litt.
300 2743 360 2772 m.
515 2732 582 2772 11.
616 2723 728 2770 ποτὲ
761 2723 845 2782 μέν
876 2740 935 2770 m.
1081 2725 1175 2784 ἴση]
1211 2724 1322 2770 ἴσων
1353 2725 1408 2769 V.
1564 2728 1632 2767 12.
1665 2719 1776 2766 ποτὲ
1809 2717 1865 2765 δέ

175 2786 249 2830 bis
281 2802 340 2832 m.
465 2791 533 2831 13.
566 2784 740 2845 κέντρῳ
772 2800 814 2830 v.
947 2789 1014 2829 14.
1051 2786 1170 2844 ΕΓ]
1210 2786 1298 2828 ΓΕ
1328 2799 1387 2828 m.
1526 2787 1594 2827 19.
1628 2782 1737 2840 ΛΖ]
1771 2779 1871 2828 ΛΞ

175 2845 282 2890 Vat.
406 2851 475 2891 21.
511 2844 710 2889 ἐλάττων
740 2845 863 2900 Vat„
899 2843 1086 2889 ἔλαττον
1117 2860 1160 2888 v.
1298 2848 1368 2887 22.
1405 2843 1510 2901 ΕΒ]
1544 2855 1684 2898 supra
1713 2854 1796 2884 ser.
1821 2837 1866 2883 V

178 2906 288 2961 (EA
320 2931 376 2937 —-
413 2908 499 2949 ΖΕ
530 2904 675 2949 etiam
705 2903 755 2947 in
786 2918 877 2961 mg.
911 2919 970 2948 m.
1006 2909 1030 2947 1
1063 2904 1121 2960 V‚·
1163 2906 1249 2947 ΓΖ
1281 2916 1419 2959 supra
1452 2904 1568 2959 sen).
1706 2903 1774 2944 24.
1807 2903 1881 2957 τῇ

180 2967 264 3007 ΓΒ
297 2963 390 3020 ἄρα
421 2964 630 3010 Vat.Av.
757 2962 898 3022 ἐστιν]
933 2962 1025 3007 ἐστι
1056 2963 1320 3008 Ῡειίῑ.Αν111.

1892 1750 1904 1795 2³

1891 1871 1901 1890 0

1888 2207 1893 2214 ι

1887 2223 1897 2235 a:

1890 2380 1894 2389 ι

1894 2414 1898 2421 ι
